2782 4762
178 193 219 258 38

178 353 298 438 Longe
321 355 361 416 ab
384 351 546 416 sensiferis
567 350 747 436 primordia
769 349 911 418 motibus
933 362 1061 429 errant,

180 455 286 536 Quom
311 448 481 538 correptus
503 456 603 519 horno
626 476 666 518 ex
689 475 804 520 somno
827 476 861 519 se
884 453 1012 538 colligit
1034 454 1116 537 ipse.

178 557 289 622 Multo
312 556 412 643 igitur
435 566 570 620 mortem
594 555 696 621 minus
719 560 759 621 ad
781 578 840 622 nos
863 578 931 621 esse
952 543 1174 639 putandumst,

179 658 215 723 Si
237 658 338 722 minus
361 680 428 723 esse
449 668 577 741 potest,
601 678 695 744 quam
719 662 808 744 quod
830 658 911 723 nihil
932 680 1001 722 esse
1024 658 1181 724 videmus.
1241 659 1305 724 940

177 761 292 826 Maior
313 759 396 824 enim
418 763 531 824 turbae
554 759 707 824 disiectus
730 761 873 825 materiai

179 863 398 949 Consequitur
419 863 485 927 leto
508 885 568 926 nec
589 863 756 949 quisquam
779 864 968 950 expergitus
990 876 1111 941 exstat,

179 965 319 1050 Frigida
341 987 436 1049 quem
460 964 556 1029 semel
579 976 625 1028 est
647 965 726 1029 vitai
747 988 846 1050 pausa
868 980 1013 1053 sequuta.

242 1067 409 1153 Denique,
432 1066 459 1130 si
481 1089 595 1132 vocem
616 1089 724 1130 rerum
747 1080 859 1132 natura
880 1081 1012 1152 repente

179 1169 296 1234 Mittat
318 1180 349 1232 et
370 1171 436 1233 hoc
457 1169 579 1255 aliquoi
603 1174 748 1235 uostrltm
770 1170 818 1234 sic
840 1171 985 1254 increpet
1009 1172 1094 1254 ipsa:
1240 1172 1304 1236 945

181 1271 293 1352 „Quid
314 1271 376 1335 tibi
396 1283 485 1336 tanto
510 1284 695 1355 operaest,
720 1273 882 1350 mortalis,
906 1279 996 1360 quod
1016 1273 1108 1337 nimis
1131 1272 1240 1358 aegris

180 1373 365 1449 „Luctibus
386 1373 556 1459 indulges?
591 1375 677 1455 Quid
700 1387 838 1439 mortem
858 1375 1026 1461 congemis
1045 1398 1083 1440 ac
1104 1375 1186 1439 fles?

181 1479 289 1552 „Nam
312 1478 413 1562 gratis
435 1476 534 1541 fuerit
552 1476 612 1541 tibi
634 1477 700 1540 vita
723 1489 794 1541 ante
818 1489 888 1542 acta
911 1479 1085 1564 priorque,

182 1582 251 1654 „Et
270 1601 337 1644 non
356 1577 462 1644 omnia
484 1591 648 1662 pertusum
669 1591 824 1664 congesta
844 1581 935 1666 quasi
958 1581 990 1644 iu
1011 1604 1069 1644 vas

183 1681 393 1756 ,Commoda
410 1682 593 1764 perfluxere
618 1693 713 1767 atque
733 1682 861 1767 ingrata
884 1683 1056 1759 interiere;
1242 1683 1307 1748 950

183 1786 303 1865 „Quor
325 1807 389 1849 non
412 1795 446 1846 ut
468 1784 580 1867 plenus
602 1783 688 1848 vitae
712 1784 852 1849 conviva
875 1786 1016 1862 recedis,

183 1935 197 1962 „
208 1890 326 1972 Aequo
350 1888 520 1973 animoque
544 1886 631 1970 capis
654 1909 815 1963 securam,
838 1888 949 1964 stulte,
972 1887 1134 1974 quietem?

183 1988 265 2063 „Sin
289 2011 342 2066 ea,
366 2011 448 2075 quae
470 1990 596 2053 fructus
617 2011 779 2075 quomque
800 2011 851 2066 es,
874 1990 1001 2072 periere
1019 1991 1170 2072 profusa,

183 2091 350 2177 „Vitaque
373 2092 406 2154 in
429 2093 604 2166 offensost3
628 2115 711 2177 quur
732 2091 867 2174 amplius
889 2096 1006 2156 addere
1031 2092 1175 2178 quaeris,

184 2197 350 2270 „Rursum
373 2197 462 2279 quod
484 2205 596 2275 pereat
618 2193 693 2256 mali
716 2204 748 2257 et
765 2194 926 2279 ingratum
950 2194 1078 2259 occidat
1100 2193 1218 2259 orrrne?
1242 2196 1306 2260 955

184 2299 286 2372 „Non
308 2295 417 2379 potius
438 2295 523 2359 vitae
544 2298 638 2359 finem
657 2295 736 2360 iacis
760 2308 854 2382 atque
872 2296 1019 2360 laboris?

184 2402 294 2474 „Nam
316 2397 379 2462 tibi
398 2410 564 2481 praeterea
588 2403 677 2483 quod
697 2398 859 2463 machiner
882 2397 1105 2483 inveniamque

183 2503 308 2582 „Quod
328 2503 469 2585 placeat,
493 2499 574 2564 nihil
597 2513 663 2566 est:
689 2505 798 2565 cadem
821 2513 894 2565 sunt
918 2502 1024 2567 omnia
1045 2523 1185 2584 semper.

182 2604 241 2678 „Si
264 2603 323 2667 tibi
346 2625 411 2668 non
432 2603 520 2666 anuis
544 2626 664 2688 eorpus
685 2604 748 2667 iam
769 2617 891 2668 marcet
914 2617 946 2668 et
968 2615 1055 2667 artus

185 2706 384 2781 „Consectei
407 2707 576 2790 languent,
600 2710 709 2770 eadem
732 2713 837 2772 tamen
859 2706 964 2772 omnia
985 2717 1123 2783 restant,
1245 2711 1308 2774 960

184 2855 199 2883 „
213 2808 330 2873 Omnia
354 2808 381 2871 si
404 2831 522 2892 pergas
544 2808 685 2873 vivendo
709 2808 839 2874 vincere
862 2809 966 2884 secla3

185 2913 320 2998 „Atque
342 2911 435 2975 etiam
454 2911 580 2994 potius,
604 2911 630 2975 si
649 2934 809 2997 nunquam
829 2911 873 2976 sis
893 2911 1121 2976 moriturus:'’
1143 2950 1185 2960 -

184 3013 271 3094 Quid
291 3018 539 3096 respondemus,
562 3014 623 3077 nisi
644 3014 757 3077 iustam
779 3015 944 3080 intendere
963 3015 1051 3079 litem

183 3119 339 3180 Naturam
364 3128 396 3180 et
418 3138 526 3180 veram
550 3116 659 3180 verbis
682 3139 845 3201 exponere
870 3118 1035 3182 caussam?

236 3296 295 3345 938.
316 3301 333 3344 i.
356 3313 378 3344 s.
398 3304 467 3354 tuuc,
488 3313 560 3357 quum
579 3297 681 3358 (ornuis)
700 3301 771 3344 homo
790 3315 843 3346 sese
862 3304 997 3358 corripiens
1013 3299 1083 3357 (etet
1101 3299 1260 3366 uusruffeud)
1276 3319 1307 3350 ex

182 3383 267 3414 somno
286 3383 312 3413 se
330 3371 423 3428 colligit
440 3371 513 3413 ultro.
552 3372 631 3427 Quum
653 3377 785 3428 correptus
810 3372 1027 3427 interpretarentur
1046 3373 1099 3418 ltali
1117 3375 1305 3431 „iucrepitus'',

181 3438 313 3500 agndum,
344 3439 502 3493 factumest,
534 3445 559 3484 ut
578 3442 661 3495 tuntu,
681 3440 710 3485 Α.
749 3443 829 3499 Vulgo
855 3443 991 3488 scriberent
1009 3441 1075 3504 Quin
1092 3450 1225 3502 correptus
1242 3447 1261 3491 ι’.
1282 3459 1306 3491 e.

181 3511 279 3567 „Quid,
300 3511 363 3565 quod
381 3511 454 3554 etiam
473 3509 544 3552 homo
563 3510 592 3554 alr
612 3512 690 3555 altero
711 3511 842 3566 increpitus
861 3514 896 3556 vel
916 3515 1048 3567 appellatus
1068 3527 1095 3558 se
1114 3528 1143 3558 ex
1156 3517 1307 3560 somuoeol-

180 3578 276 3638 ligit?”
294 3579 356 3624 Gdd.
378 3580 462 3634 (etiarn
475 3579 503 3623 G.
517 3578 560 3634 E.)
580 3581 708 3625 tectionem
726 3587 792 3626 reete
811 3583 917 3626 restituit
935 3584 1009 3630 Wals.
1066 3579 1125 3629 948.
1145 3583 1190 3629 llic
1208 3599 1304 3642 quoque

180 3650 295 3707 sequendi
324 3655 392 3693 etant
419 3654 478 3703 optt.
505 3649 565 3694 edd.
586 3650 664 3709 Lugd.
686 3656 763 3708 uterq.
785 3651 814 3695 C.
834 3650 864 3696 E.
885 3653 946 3697 Alii.
977 3677 1010 3688 -
1041 3654 1127 3712 gratis
1146 3654 1171 3698 h.
1191 3655 1209 3698 l.
1229 3656 1307 3710 prima

181 3718 372 3778 significatione,
398 3733 458 3777 quae
477 3721 554 3762 elucet
572 3733 601 3764 ex
620 3722 732 3775 opposito
750 3722 893 3780 ingratiis,
922 3724 940 3766 i.
962 3737 984 3768 e.
1004 3728 1107 3781 „grata,
1126 3723 1243 3779 iucunda,
1263 3724 1307 3769 tibi

181 3790 298 3833 volenti.”
328 3788 394 3834 Num
413 3789 496 3848 gretia
507 3785 564 3847 suit
581 3789 627 3833 tibi
645 3792 695 3834 vitu
714 3791 774 3835 Cdd.
790 3783 880 3848 ¹(etiarn
892 3793 921 3837 G.
931 3789 975 3850 E)
996 3814 1025 3825 -
1045 3791 1112 3837 Num
1130 3799 1233 3853 gratum
1245 3791 1307 3852 sue·

180 3858 216 3901 rit
228 3858 274 3902 tibi
286 3861 336 3903 ritu
348 3860 391 3903 W.
399 3859 492 3906 Eichst.
507 3860 604 3903 soloece
618 3860 641 3902 iu
655 3873 679 3904 v.
693 3866 812 3919 gratum:
825 3859 991 3920 rectesuerit.
1011 3887 1044 3897 —
1061 3861 1127 3907 Nam
1137 3863 1162 3907 ei
1171 3861 1309 3923 gratescit

180 3927 227 3972 titt
248 3929 298 3971 citu
323 3942 352 3972 ex
379 3930 492 3984 interpol.
513 3931 542 3976 Α.
566 3929 596 3973 1..
618 3929 650 3972 ll.
676 3931 701 3972 ei
725 3932 748 3974 in
771 3930 858 3973 talibus
882 3935 943 3986 apud
968 3935 1051 3986 poetas
1076 3945 1148 3987 saepe
1176 3935 1306 3979 omittitur.

185 3994 244 4044 954.
259 3994 357 4058 offensu
367 4005 404 4043 eet
413 3999 443 4043 L.
456 4000 488 4042 ll.
526 3996 585 4044 955.
600 3999 632 4042 ita
643 3999 721 4042 Codd.
732 3998 755 4044 6.
767 4000 849 4054 (etiam
857 3999 886 4045 C.
895 4001 938 4057 E.)
948 4003 1009 4047 Edd.
1018 4007 1075 4046 vett.
1084 4003 1127 4046 W.
1141 4021 1175 4035 ·-
1187 4004 1306 4051 rnoleAv.

180 4067 211 4111 L.
224 4068 255 4111 ll.
284 4067 418 4112 eonsuue:
452 4082 531 4126 „quur
556 4068 653 4126 quaeris
678 4070 766 4114 addere
791 4070 894 4125 arnplius
918 4073 996 4127 mali,
1028 4073 1090 4130 quod
1109 4085 1206 4117 rursum
1225 4078 1309 4128 pereat

182 4137 288 4182 etcet.”
326 4133 385 4183 956.
404 4135 460 4182 Non
479 4139 556 4183 Codd.
570 4136 593 4186 6.
609 4139 692 4182 etmel
705 4139 735 4183 C.
749 4139 780 4182 E.
794 4139 825 4184 Α.
862 4155 928 4185 nunc
946 4143 1008 4188 Edd.
1027 4147 1086 4186 vett.
1100 4141 1147 4187 Ar.
1182 4143 1308 4190 necCod.

183 4205 331 4254 unus.Lll.
371 4204 430 4253 961.
448 4221 543 4269 perges
560 4208 591 4252 C.
606 4208 637 4253 Ε.
651 4209 694 4254 W.
726 4208 763 4254 lb.
784 4209 864 4254 uiuere
882 4209 996 4260 Cottii.
1034 4209 1308 4270 963.rupondsamur

182 4276 212 4322 1..
224 4277 255 4323 ll.
295 4272 354 4324 967.
374 4273 493 4322 borathra
506 4277 584 4324 Codd.
598 4279 669 4323 etiam
678 4277 710 4329 E.
728 4278 831 4325 turum
844 4280 874 4326 G.
886 4281 932 4328 Ed.
944 4282 1012 4328 Brix.
1032 4280 1110 4328 harde
1121 4282 1166 4328 Αν.
1179 4283 1210 4329 Ρ.
1232 4283 1308 4329 lura·
