2782 4762
136 183 176 246 32

195 344 295 419 Nam,
330 345 418 429 quod
439 363 532 426 saepe
553 341 699 406 homines
721 343 855 406 morbos
877 338 977 426 magis
999 361 1067 404 esse
1089 338 1248 404 timendos

133 445 352 531 Infamemque
372 446 479 510 ferunt
501 444 597 507 vitam
619 465 712 529 quam
735 453 856 507 tartara
877 441 952 517 leti;
1033 523 1037 538 ν

132 549 176 611 Et
197 569 231 610 se
253 547 337 612 scire
359 547 479 612 animae
501 557 644 610 naturam
667 545 829 632 sanguinis
850 567 920 609 esse

132 651 200 713 Aut
223 650 316 715 etiam
339 651 443 728 venti,
467 650 494 714 si
515 649 579 714 fert
601 648 644 712 ita
666 649 753 714 forte
777 649 941 724 voluutas,

132 750 214 815 Nec'
224 775 375 837 prorsum
399 753 571 840 quidquam
594 762 723 815 nostrae
745 750 879 815 rationis
901 770 1015 836 egere:
1207 751 1249 811 45

10 880 15 891 ·
76 872 78 876 ’
133 853 221 918 Hinc
243 855 320 921 licet
341 859 494 920 advortas
517 855 654 918 animum
674 851 774 937 magis
792 849 898 915 omnia
918 846 1020 913 laudis

131 957 249 1020 lactari
273 981 400 1034 caussa,
423 981 516 1043 quam
540 959 629 1042 quod
648 977 700 1018 res
722 954 793 1036 ipsa
813 955 992 1035 probetur:

131 1062 292 1125 Extorres
314 1063 397 1126 idem
418 1060 523 1144 patria
543 1060 704 1145 longeque
726 1055 851 1141 fugatei

133 1161 318 1246 Conspectu
338 1186 382 1233 ex
403 1156 584 1238 hominum,
606 1159 748 1226 foedatei
770 1157 901 1223 crimine
923 1156 1028 1239 turpi,

131 1265 287 1329 Omnibus
309 1265 468 1348 aerumnis
492 1263 617 1329 affectei
640 1261 792 1347 denique,
816 1259 946 1334 vivunt;

130 1368 174 1429 Et
195 1389 423 1454 quoquumque
445 1379 549 1432 tamen
572 1365 699 1430 miserei
720 1385 853 1440 venere,
876 1372 1045 1445 parentant

130 1471 174 1532 Et
195 1469 305 1555 nigras
326 1481 463 1534 mactant
483 1473 621 1554 pecudes
644 1479 675 1531 et
696 1466 833 1529 manibu’
858 1463 942 1528 diris

130 1571 270 1636 Inferias
293 1573 434 1649 mittuut3
458 1572 621 1657 multoque
642 1569 676 1633 in
697 1572 793 1633 rebus
815 1567 940 1656 acerbis

130 1674 249 1739 Acrius
272 1679 446 1759 adrortunt
468 1674 593 1739 animos
614 1676 654 1736 ad
674 1671 881 1757 religionem.

132 1777 206 1858 Quo
229 1777 331 1861 magis
352 1777 384 1841 in
407 1777 512 1841 dubiis
533 1775 694 1842 hominem
717 1771 863 1857 spectare
884 1772 1017 1856 periclis

132 1878 293 1944 Convenit
315 1879 526 1966 adversisque
548 1880 581 1942 in
602 1882 698 1942 rebus
720 1898 876 1953 noscere,
900 1875 977 1961 quid
1000 1874 1059 1941 sit:

129 1984 213 2044 Nam
236 2005 331 2048 verae
351 2005 448 2048 voces
471 1995 537 2046 tum
559 1985 683 2046 demum
705 1990 840 2063 pectore
864 1982 903 2042 ab
927 1979 992 2044 imo

130 2082 314 2147 Eliciuntur
336 2094 367 2147 et
389 2082 524 2165 eripitur
546 2104 702 2165 persona,
725 2094 829 2146 manet
850 2104 916 2146 res.

192 2185 339 2271 Denique
361 2184 513 2249 avarities
535 2196 567 2248 et
586 2186 748 2249 honorum
772 2207 866 2249 caeca
890 2184 1026 2268 cupide,

131 2287 221 2368 Quae
244 2287 379 2352 miseros
400 2287 547 2352 homiues
570 2297 692 2372 cogunt
712 2288 936 2350 transcendere
954 2285 1046 2350 fineis

129 2389 214 2453 luris
233 2400 265 2455 et
285 2390 443 2453 interdum
466 2389 575 2454 socios
596 2390 751 2454 scelerum
774 2400 869 2475 atque
892 2387 1057 2454 ministros
1114 2373 1116 2380 ’

129 2491 267 2556 Nocteis
288 2503 385 2579 atque
405 2492 472 2556 dies
493 2490 551 2555 uiti
571 2503 751 2576 praestante
773 2489 886 2557 labore

130 2597 183 2657 Ad
205 2617 339 2658 summas
362 2616 528 2681 emergere
551 2616 651 2678 opes:
675 2596 757 2660 haec
779 2594 913 2659 volnera
936 2593 1021 2659 vitae

128 2698 207 2761 Non
227 2697 396 2789 minumum
416 2707 539 2780 partem
561 2695 676 2763 mortis
699 2697 874 2763 formidine
898 2698 1036 2761 aluntur.

130 2798 253 2882 Turpis
276 2798 358 2864 enim
379 2799 481 2864 ferme
503 2810 704 2883 contemptus
726 2811 757 2864 et
780 2799 863 2864 acris
884 2811 1008 2884 egestas

129 2903 259 2966 Semota
280 2905 321 2965 ab
344 2902 431 2966 dulci
453 2903 519 2966 vita
539 2901 709 2987 stabilique
732 2902 880 2966 videntur

128 3005 172 3068 Et
190 3003 282 3090 quasi
303 3004 365 3068 iam
388 3004 446 3068 leti
465 3017 579 3089 portas
602 3004 783 3070 cunctarier
806 3014 890 3071 ante.

128 3108 221 3171 Unde
242 3106 405 3183 homines,
429 3110 502 3170 dum
525 3129 557 3170 se
579 3107 662 3173 falso
685 3119 813 3174 terrore
837 3107 960 3173 coactei

50 3238 52 3242 ⁴
129 3207 291 3294 Effugisse
313 3209 427 3281 volunt
449 3208 547 3294 longe
570 3208 732 3297 longeque
754 3230 914 3288 remosse,

181 3361 224 3409 43.
242 3364 424 3409 nnimueWall.
433 3365 496 3409 coni.
504 3363 580 3410 Fcrb.
600 3389 632 3399 -
651 3364 797 3410 antmtcuu.
806 3366 923 3423 (etiamC.
932 3366 974 3423 E.)
984 3369 1073 3426 Vulgo.
1111 3366 1154 3415 44,
1165 3369 1243 3417 code.

129 3438 153 3478 st
163 3433 225 3480 Edu.
238 3439 384 3490 postponunt
394 3447 418 3479 v.
433 3431 475 3479 46.
493 3439 516 3479 et
528 3435 646 3490 explicant
659 3435 798 3496 gloriolae,
805 3431 878 3494 sumi
891 3451 971 3482 eausa.
994 3437 1113 3484 Avaueius
1125 3434 1155 3484 ex
1168 3441 1245 3486 inter·

127 3505 247 3560 polatione
263 3505 328 3549 dedit
342 3503 392 3550 Aac
406 3504 482 3549 vetiti.
519 3505 564 3550 Sed
581 3506 677 3564 egregia
693 3506 907 3561 illustranspositio
923 3508 1031 3552 Bentleio
1046 3507 1154 3554 debetur.
1185 3497 1245 3555 Em·

126 3576 238 3630 perones
261 3586 285 3618 v.
314 3571 373 3619 317.
399 3575 435 3619 st.
460 3565 535 3637 αἷμα
556 3567 614 3644 γὰρ
636 3568 805 3644 ἀνθρώποις
826 3570 1015 3646 περικάρδιόν
1043 3573 1108 3627 ἐστι
1130 3573 1244 3644 νόημα.

128 3644 180 3690 Cic.
191 3645 265 3689 Tusc.
276 3643 297 3688 l.
315 3642 339 3690 9.
370 3641 533 3702 Empedocles
550 3644 663 3688 animum
681 3658 735 3688 esss
756 3651 840 3709 censet
852 3645 925 3691 cordi
941 3643 1064 3708 suffusum
1079 3649 1242 3709 sanguinum.

127 3709 244 3759 Animum
263 3716 345 3758 aulem
357 3714 405 3757 nls'e'
422 3713 548 3766 unimam,
568 3718 594 3758 ut
603 3709 664 3772 fers
679 3715 770 3762 nostri.
790 3715 826 3760 lb.
847 3715 921 3761 corde
937 3729 982 3772 pro
993 3713 1065 3776 sorte
1078 3717 1108 3763 E.
1120 3731 1134 3760 a
1146 3732 1197 3764 see.
1208 3733 1244 3767 m.

129 3781 170 3832 47.
189 3780 297 3828 Gaurum
309 3784 351 3828 W.
369 3796 398 3828 ex
414 3781 476 3827 Edu.
493 3788 550 3828 vett.
588 3779 630 3832 ⁵2.
650 3784 800 3830 ermenteus
813 3785 872 3830 imis
885 3785 914 3830 G.
952 3782 994 3831 56.
1013 3785 1075 3846 quid
1089 3785 1240 3836 summ.

127 3855 189 3898 Ven.
200 3854 243 3897 W.
254 3851 346 3898 Eicbst.
357 3852 387 3896 F.
406 3876 440 3888 —
465 3853 507 3911 qui
524 3853 559 3898 sit
573 3853 603 3901 tl.
617 3854 685 3900 Brix.
699 3855 729 3900 L.
743 3855 773 3899 ll.
793 3875 827 3887 -
850 3856 906 3914 quis
924 3854 960 3899 sit
974 3855 1003 3900 C.
1023 3881 1057 3890 —
1080 3857 1123 3915 qui
1134 3857 1241 3903 sintAr.

126 3923 157 3968 P.
171 3922 202 3966 A.
220 3923 260 3980 qui
275 3937 330 3966 cum
345 3922 405 3967 Cdd.
419 3922 449 3967 G.
462 3922 492 3967 E.
504 3937 528 3968 r.
538 3919 580 3980 55,
596 3923 684 3969 habent
698 3922 820 3969 homines.
866 3921 908 3970 61.
926 3924 1096 3985 scelerumque
1109 3927 1243 3973 tministros

129 3992 159 4038 C.
176 4016 209 4026 -
227 3992 380 4050 scelerisque
392 3991 523 4037 ministros
538 3993 634 4039 volebat
650 3996 724 4040 Wak.
741 4009 754 4040 s
773 3995 909 4048 corruptela
926 3990 988 4039 Cld.
1008 4001 1032 4041 et
1048 3996 1116 4041 Bria.
1133 3997 1239 4042 sceleris

127 4068 210 4122 utque.
259 4057 300 4107 bl.
320 4062 451 4107 minimum
464 4063 601 4121 importem
616 4063 662 4121 C.;
692 4069 719 4108 ut
739 4065 817 4108 solent
836 4065 876 4108 isti
891 4065 1019 4109 accusativi
1035 4079 1049 4108 a
1064 4065 1172 4110 librariis
1187 4080 1243 4111 cor·

127 4133 205 4188 rumpi
217 4131 313 4176 insertis
327 4130 498 4189 praeposuere!
508 4135 545 4180 vel
560 4128 602 4189 in,
622 4135 757 4179 autmutari
769 4134 794 4178 iu
803 4147 897 4194 magne
907 4126 1021 4191 exparte
1032 4141 1080 4182 cet.
1107 4132 1243 4195 65.serme

127 4198 242 4248 coece
263 4223 293 4233 -
305 4197 396 4260 forma
407 4204 438 4247 E.
461 4225 490 4235 -
503 4200 607 4263 jermus
622 4203 723 4250 cnud.
741 4208 799 4251 vett.
820 4228 852 4238 —
864 4199 955 4262 semus
964 4205 1009 4250 Ar.
1021 4206 1052 4251 P.
1063 4208 1093 4251 A.
1119 4227 1149 4238 -
1164 4202 1244 4265 sumu

127 4277 151 4316 et
160 4267 313 4330 contemptus
323 4272 352 4318 L.
364 4273 395 4322 H.
439 4271 480 4319 ⁶9.
500 4271 622 4336 effugisse
636 4273 697 4320 cdd.
714 4274 787 4320 etiam
800 4273 830 4321 C.
840 4273 959 4320 ΜΗ.
981 4297 1010 4309 -
1029 4270 1160 4338 refugisse
1172 4274 1240 4322 1..fl.
