2782 4762
231 344 319 410 Cnra
342 347 536 428 soplmrnm',
561 347 656 428 por'ta
676 344 749 431 quis
771 345 849 411 eseli
870 357 974 430 patet,

230 449 295 513 Vol
318 468 398 532 quae
420 449 515 531 periti
537 449 706 515 condidere
729 450 899 542 carmina,¹

232 550 296 613 vet
319 573 400 635 quae
423 551 537 615 solutis
562 552 694 614 vocibus
717 565 788 615 sum
810 552 914 628 edita,

231 654 371 716 Meliora
396 656 516 730 reddis,
541 676 633 738 qnam
657 654 793 738 legendo
816 654 1008 737 sumpseras.

224 759 293 834 ‚Sed
314 756 374 819 ista
398 778 518 838 parva:
543 768 576 820 tu
599 757 670 839 pius
693 778 806 820 moves
828 769 859 820 tr
882 748 996 820 sacris

230 858 370 934 Teletis,
393 870 522 941 reperta
546 859 657 922 mentis
679 878 796 923 areano
820 860 957 942 premis,

228 962 412 1045 Divumque
435 983 549 1024 numen
574 961 736 1044 multiplex
759 964 873 1026 doetus
895 965 993 1039 colis,

229 1064 354 1128 Sooimn
377 1065 512 1149 benigne
533 1065 702 1149 coniugem
726 1076 853 1153 necteus
876 1066 974 1129 saeris

188 1248 191 1253 ι
229 1168 400 1231 Ηοιιιίιιιιιιι
423 1167 612 1252 Derlmque,
637 1168 796 1231 consciam
820 1153 857 1230 ao
878 1171 970 1231 lida'm
994 1169 1063 1233 tibi.

228 1271 313 1348 Quid
338 1292 420 1333 mmo
440 1271 584 1334 honores
607 1281 660 1332 aut
682 1280 858 1351 potestates
880 1271 1013 1356 loquar,

228 1372 465 1456 Hominumque
487 1372 572 1437 votis
595 1373 731 1455 adpetita
755 1373 893 1457 gaudia?
987 1444 992 1451 .

228 1475 320 1555 erae
343 1487 376 1537 tn
399 1477 515 1538 eaduoa
538 1496 576 1537 ao
597 1497 698 1557 parva
721 1496 849 1558 semper
870 1486 1054 1558 autumans,

225 1577 344 1642 Divum
367 1579 516 1641 sacerdos
539 1577 644 1639 insulis
667 1577 770 1641 celsus
793 1579 892 1642 olues.

224 1785 343 1847 Puram
367 1804 404 1846 ae
424 1782 569 1865 pudieam
593 1795 682 1845 sorte
704 1782 816 1845 mortis
839 1782 997 1861 eximens,

226 1885 265 1949 In
289 1886 403 1966 templa
428 1885 514 1949 ducis
537 1907 574 1947 ao
595 1884 743 1947 famulam
768 1885 847 1948 divis
869 1885 970 1950 dieas.

225 1991 274 2051 Te
297 1999 392 2063 teste,
418 1987 538 2051 cernetis
561 1986 687 2050 imbuor
710 1987 881 2067 mysteriis,

225 2094 277 2154 Tu
300 2089 516 2170 Dindymenes
540 2089 940 2172 Atteosque'autistitem'·

222 2192 345 2255 Telelis
368 2194 509 2257 honoras
531 2191 647 2255 taureis
671 2213 806 2256 consors
827 2191 921 2274 pins;
968 2277 972 2281 ι

223 2297 362 2359 Hecates
385 2295 556 2358 ministram
580 2294 661 2356 trina
684 2305 810 2358 secreta
834 2299 975 2374 edoces,
1056 2293 1060 2299 ’
1121 2344 1124 2349 .
1174 2318 1177 2325 ·

224 2398 417 2482 Cererisque
441 2398 559 2460 Graiae
580 2407 616 2458 tn
637 2397 737 2460 saeris
760 2396 887 2482 dignam
911 2380 1027 2481 paras-s

223 2505 273 2566 'l'e
296 2511 431 2582 propter
454 2513 564 2564 omnes
587 2520 635 2562 me
659 2501 802 2576 beatam,
827 2522 877 2563 me
899 2502 983 2584 piam

222 2603 417 2679 Celebrant,
442 2603 528 2688 qnod
550 2601 618 2683 ipse
642 2623 690 2665 me
711 2604 829 2666 bonam
852 2604 1036 2669 disseminas

222 2709 342 2770 Totum
365 2727 424 2788 per
447 2707 579 2769 orbem:
602 2704 714 2788 ignota
736 2716 856 2768 noseor
878 2707 1043 2786 omnibus,

220 2811 303 2871 Nam
327 2822 357 2871 te
381 2807 495 2871 marito
518 2807 567 2868 cni
589 2807 717 2888 plaeere
739 2828 803 2870 nou
826 2814 938 2890 queam
948 2808 977 2871 ?-·

221 2912 378 2993 Exempla
400 2903 444 2972 'de'
463 2930 512 2997 me
536 2910 692 2974 Romulae
715 2921 830 2972 matres
851 2923 986 2992 petunt3

222 3016 438 3097 Subolomque
460 3012 642 3094 pulchram,
666 3011 693 3074 si
714 3022 787 3075 triae
806 3011 938 3090 similis,
963 3027 1090 3098 putant,

221 3120 343 3198 Optant
364 3117 577 3200 probantque·
591 3135 673 3177 nime
697 3113 776 3190 viri,
803 3136 886 3179 nttuo
907 3116 1054 3184 feminae.

222 3222 312 3299 Quae
335 3231 368 3281 tn
392 3218 542 3301 magister
563 3216 700 3304 indidisti
721 3211 897 3301 insignia,
942 3266 944 3271 .
1035 3223 1037 3231 '

219 3322 281 3385 His
305 3312 563 3402 ntrno‘ademptis
587 3330 702 3381 maesta
725 3320 865 3382 coniunx
888 3321 1054 3387 maceror.¹

218 3425 332 3498 Felix,
358 3422 501 3484 maritum
524 3423 550 3484 si
574 3420 776 3503 superstitem
799 3423 873 3485 mihi

217 3525 295 3588 Divi
317 3514 501 3588 dedissent:
526 3525 582 3585 sed
603 3506 713 3585 tamen¹
728 3522 827 3600 felix,
852 3536 905 3589 tua
978 3529 979 3532 ’

219 3627 303 3708 Quia
324 3648 392 3689 sum
415 3625 525 3710 fuique
546 3635 686 3710 postque
708 3638 844 3690 mortem
856 3639 943 3692 'mox
966 3624 1038 3695 ero'.

203 3837 257 3883 Cll.
296 3833 338 3885 3⁰.
371 3830 521 3885 llurrrmnous
545 3843 570 3884 et
594 3837 700 3894 reliqui:
733 3843 760 3882 tu
780 3838 842 3894 pina
864 3835 947 3884 motos
969 3838 993 3885 ιε’
1020 3844 1116 3890 auerte.
1154 3847 1250 3907 llsgen.

133 3907 234 3952 bnrbius
255 3913 278 3950 te
302 3907 407 3952 delebat.
463 3909 517 3966 Ego
548 3921 591 3972 pro
616 3908 678 3971 pina
708 3909 853 3964 scripseram
880 3912 1006 3976 aliquando
1031 3915 1110 3973 plue,
1149 3919 1173 3962 id
1198 3925 1252 3975 est,

132 3979 224 4022 anatot-e
251 3980 323 4021 ettam
351 3979 429 4021 studio
462 3977 584 4031 rnrsteriis
614 3989 685 4032 quarn
707 3967 888 4035 philosophiae,
916 3972 1034 4027 att'eudrs..
1081 3983 1181 4031 Morere
1204 3992 1254 4033 trs.

131 4048 240 4104 quentmi
264 4047 293 4090 de
313 4047 434 4098 inmunis
453 4051 523 4104 atque
549 4045 625 4104 orgiis
651 4047 801 4093 notissimum
814 4054 879 4092 est„
913 4048 980 4094 Nune
1008 4066 1063 4099 rum
1085 4055 1180 4100 ueiens
1198 4072 1253 4102 ‚1100

130 4117 213 4159 ιιιιιιιιιι
243 4115 332 4159 etidsre
360 4114 454 4159 literam
483 4129 496 4160 s
522 4115 547 4159 io
571 4113 687 4159 vocabulo
710 4116 779 4176 pius.
826 4114 939 4166 5⁰.·eui
961 4122 1065 4179 plocen
1092 4106 1250 4175 Sabratensis,

132 4182 174 4231 52.
195 4185 219 4230 ri
228 4181 293 4246 suot
310 4183 405 4229 similia
424 4184 531 4232 Guuseus
549 4186 573 4230 in
592 4188 689 4236 Aonott.
