2782 4762
175 189 238 252 210

177 345 262 413 Dum
285 366 325 409 ne
348 346 486 407 deterius
509 342 611 424 sapiat
632 361 797 424 pannucea
819 341 955 417 Baucis,

179 449 285 529 Quom
307 450 387 510 bene
410 443 563 509 discincto
588 443 763 506 cantaverit
786 464 898 522 ocyma
924 463 1054 508 vernae.

178 552 223 615 Ut
245 569 337 612 nemo
361 548 390 609 in
414 567 482 610 sese
504 556 605 608 tentat
627 547 840 620 descendere,
864 550 978 610 nemo!

178 654 243 715 Sed
265 647 464 732 praecedenti
486 659 648 730 spectatur
670 647 805 710 mantica
828 659 936 731 tergo.

179 752 380 835 Quaesieris:
404 751 545 823 „Nostin
567 748 698 812 Vectidi
719 748 900 830 praedia?”
923 781 964 792 -
988 747 1161 822 „Cuiusl'”
1185 781 1225 791 -
1256 750 1299 813 25

177 855 278 920 Dives
300 867 368 915 arat
391 853 550 930 Curibus,
575 861 724 934 quantum
747 872 813 914 non
837 851 950 914 milvus
973 854 1111 917 oberret.
1134 884 1175 895 —

178 957 295 1030 „Hunc
319 955 387 1017 ais?
409 957 493 1016 hunc
515 953 563 1015 dis
585 953 672 1015 iratis
696 953 856 1037 genioque
879 953 1026 1028 sinistro,

180 1058 245 1138 Qui
266 1060 457 1142 quandoque
479 1055 587 1139 iugum
610 1066 736 1136 pertusa
760 1058 799 1116 ad
821 1055 959 1138 compita
981 1056 1066 1140 figit,

177 1158 321 1222 Seriolac
346 1169 484 1220 veterem
508 1166 650 1219 metuens
674 1160 828 1220 deradere
851 1157 957 1221 limum

177 1260 330 1344 lngemit,
356 1260 454 1332 „Hoc
475 1260 556 1321 bene
578 1258 662 1321 sit!’'
685 1258 857 1321 tunicatum
881 1281 950 1322 cum
973 1261 1039 1323 sale
1063 1264 1210 1325 mordens
1255 1261 1299 1325 30

177 1363 286 1445 Caepe
308 1373 357 1437 et,
381 1362 502 1423 farrata
524 1359 632 1440 pueris
654 1360 878 1441 plaudentibus
902 1362 987 1436 olla,

176 1467 356 1530 Pannosam
378 1463 497 1525 faecem
521 1460 685 1524 morientis
706 1463 817 1524 sorbet
841 1463 956 1526 aceti.''
979 1496 1021 1506 -

177 1570 224 1630 At
245 1565 273 1628 si
294 1577 408 1632 unctus
431 1584 536 1626 cesses
560 1574 591 1624 et
612 1562 692 1646 figas
714 1562 746 1625 in
769 1575 840 1627 cute
861 1565 980 1641 solem,

178 1669 238 1731 Est
259 1688 364 1749 prope
386 1676 417 1727 te
440 1664 590 1748 ignotus,
616 1664 724 1728 cubito
748 1665 803 1748 qni
825 1677 935 1752 tangat
957 1679 989 1729 et
1011 1689 1085 1731 acre

176 1770 320 1851 Despuat
342 1768 373 1830 in
396 1788 517 1842 mores,
542 1782 718 1850 penemque
741 1788 919 1850 arcanaque
941 1769 1041 1832 lumbi

176 1873 372 1935 Runcantem
395 1869 518 1951 populo
542 1879 717 1931 marcentes
739 1872 878 1951 pandere
900 1871 1026 1933 vulvas.

174 1975 269 2047 „Tu,
294 1993 390 2056 quom
414 1969 551 2033 maxillis
574 1971 753 2033 balanatum
777 1991 916 2054 gausape
938 1984 1067 2055 pectas,

173 2074 360 2159 Inguinibus
384 2094 482 2157 quare
505 2074 656 2136 detonsus
680 2072 833 2156 gurgulio
856 2074 988 2136 exstat?

175 2176 324 2259 Quinque
347 2174 551 2256 palaestritae
573 2171 646 2236 licet
668 2175 747 2236 haec
768 2173 925 2255 plantaria
950 2177 1066 2239 vellant

175 2276 348 2359 Elixasque
372 2288 458 2338 uates
482 2275 678 2338 labefactent
698 2274 823 2356 forcipe
847 2278 984 2352 adunca,

154 2381 250 2443 .Non
270 2390 374 2441 tamen
397 2377 457 2441 ista
478 2376 547 2440 filix
569 2377 635 2440 ullo
658 2377 849 2440 mansuescit
870 2379 1014 2442 aratro.''

173 2479 342 2544 Caedimus
363 2479 459 2563 inque
481 2479 582 2543 vicem
605 2481 793 2560 pracbemus
816 2499 909 2541 crura
932 2480 1078 2564 sagittis:

168 2581 303 2646 Vivitur
324 2583 388 2645 hoc
409 2592 525 2664 pacto:
550 2581 596 2643 sic
617 2580 776 2647 novimus.
802 2615 842 2627 -
865 2581 922 2644 Ilia
946 2585 1056 2646 subter

244 2800 286 2846 21.
307 2825 339 2835 —
357 2800 424 2845 Dum
440 2815 488 2845 nen
506 2813 627 2856 superscr.
647 2814 677 2844 ne
692 2800 722 2844 lt.
750 2799 787 2846 lb.
805 2819 840 2832 -
855 2798 1005 2856 pannuclsea
1030 2801 1087 2846 EM.
1113 2826 1146 2835 -
1161 2804 1293 2858 pannucia

173 2872 254 2918 Ceteri
271 2872 329 2916 mei.
357 2869 399 2915 22.
426 2892 455 2902 -
474 2868 662 2915 distinctoAM.
683 2869 721 2913 lb.
740 2869 868 2914 -ocim
888 2869 962 2914 VEA.
987 2894 1020 2903 —
1038 2870 1120 2915 azima
1141 2871 1238 2918 TRSM.
1259 2895 1293 2907 -

171 2955 262 3002 ocyma
280 2941 310 2985 F.
331 2940 368 2988 lb.
383 2964 415 2974 -
433 2953 508 2984 cerno
524 2941 556 2984 V.
585 2935 628 2983 23.
650 2949 682 2982 =
702 2943 804 2994 temptat
821 2938 940 2984 RESAM.
967 2936 1008 2984 25.
1030 2937 1137 2999 Veertdt]
1157 2941 1240 2985 TAM.
1258 2960 1294 2976 ι-

174 3010 249 3055 velidi
269 3010 317 3055 RS.
339 3034 370 3043 -
389 3008 492 3053 vectids'e
514 3011 545 3052 V.
564 3029 602 3042 -
629 3007 718 3052 cotidie
740 3007 770 3052 E.
791 3031 824 3040 -
844 3003 945 3053 Ventidi
964 3008 1082 3053 Plautius.
1121 3007 1151 3053 26
1180 3005 1293 3068 oberrat]
1331 3061 1336 3073 .

172 3080 252 3124 llVM.
273 3099 305 3112 -
323 3078 425 3124 oberrat
439 3077 531 3121 Tusa,
569 3075 612 3122 29.
633 3100 666 3110 -
685 3075 783 3121 Veteris
797 3082 909 3122 metusne
921 3077 1001 3122 REM.
1021 3097 1054 3113 -
1071 3083 1182 3122 metuent
1201 3078 1293 3123 veterio

173 3148 226 3193 TA.
237 3169 266 3179 -
275 3153 341 3190 veter
347 3145 591 3203 (spatiamentum
602 3147 627 3189 S.
647 3146 684 3190 lb.
697 3166 725 3180 -
735 3144 878 3194 cruderes.
900 3143 941 3190 31.
956 3169 989 3179 -
999 3143 1061 3203 cepe
1071 3147 1191 3191 TRSAM.
1205 3147 1242 3191 lb.
1258 3171 1292 3182 -··

166 3213 301 3277 sarratam
320 3241 328 3250 -
348 3241 357 3250 -
376 3216 452 3258 ollam
478 3214 567 3258 Omnes
593 3215 650 3259 mei.
705 3211 747 3259 33.
773 3233 805 3246 -·
833 3213 868 3258 Ac
887 3216 912 3259 ai
934 3217 964 3260 T.
1021 3213 1062 3259 35.
1083 3235 1116 3250 -
1135 3216 1236 3274 despuit
1253 3217 1291 3263 M.

175 3282 217 3333 36.
237 3308 270 3318 —
284 3285 374 3340 populi
390 3282 420 3327 E.
442 3279 484 3327 37.
507 3305 536 3316 -
557 3280 629 3327 Tunc
647 3296 719 3343 quom
737 3297 809 3328 max.
829 3284 923 3329 RVSE.
944 3286 980 3327 lb.
998 3308 1030 3318 -
1044 3286 1127 3340 pectis
1142 3286 1169 3330 S.
1200 3281 1243 3329 38.
1260 3308 1293 3318 -

172 3366 279 3413 quornm
297 3353 327 3396 R.
342 3365 463 3407 superscr.
484 3366 571 3411 querare,
592 3354 627 3400 lb.
641 3376 674 3386 -
692 3353 852 3413 curgult'oT.
871 3372 905 3388 -·
917 3354 1031 3398 erercuIio
1043 3355 1073 3398 Α.
1090 3376 1119 3387 -
1130 3354 1242 3414 ςιιννίἱὶο
1259 3353 1290 3397 R.

174 3421 216 3471 30.
237 3445 270 3456 --
288 3419 443 3480 labefactant
461 3422 490 3466 Α.

170 3533 320 3546 n—n-

240 3600 283 3647 21.
301 3600 429 3658 pannucia
445 3600 546 3656 pwPW.
594 3597 637 3644 22.
657 3601 740 3644 ocima
758 3601 817 3655 rpl’.
832 3576 843 3589 ο
856 3598 899 3649 29.
919 3602 1009 3647 veteris
1028 3602 1058 3647 P.
1108 3598 1150 3647 37.
1170 3615 1246 3660 qnam
1264 3601 1293 3647 in

171 3671 289 3717 vnaxitlv'a
306 3684 331 3726 p.

239 3831 282 3877 26.
302 3831 427 3894 Quantam
445 3843 495 3876 non
512 3830 602 3874 milvus
620 3827 728 3889 oberret]
748 3832 881 3875 Secundum
896 3831 1064 3885 proverbium,
1085 3829 1210 3892 Quantam
1228 3831 1292 3875 mil-

169 3903 194 3946 οἱ
213 3903 305 3947 rolant.
343 3899 384 3945 28.
406 3898 517 3957 Compita
539 3903 594 3942 sunt
613 3899 664 3942 loca
683 3900 708 3942 in
727 3899 876 3959 quadriviis,
895 3901 964 3956 quasi
984 3906 1078 3954 turres,
1100 3900 1139 3943 ubi
1160 3897 1288 3955 sacrificia,

168 3971 235 4016 finita
252 3973 414 4028 agricultura,
434 3970 518 4014 rustici
538 3967 699 4012 celebrabant.
737 3969 827 4014 Merito
844 3974 964 4024 pertusa,
985 3970 1040 4026 quia
1063 3982 1106 4024 per
1125 3981 1209 4013 omnes
1226 3975 1294 4025 quat·

168 4047 224 4085 tuor
242 4045 322 4093 partes
343 4044 453 4093 pateant,
474 4038 510 4081 vel
529 4041 633 4082 vetusta.
670 4038 735 4092 Vel,
754 4038 859 4092 compita
876 4052 924 4081 non
940 4041 1019 4083 solum
1038 4039 1134 4082 suntin
1158 4037 1215 4081 urbe
1229 4039 1292 4096 loca,

168 4111 209 4154 sed
228 4110 300 4152 etlam
320 4109 372 4152 viae
392 4109 499 4162 publtcae
518 4121 545 4150 ac
563 4106 704 4151 diverticula
720 4107 858 4164 aliquorum
878 4105 1021 4160 confinium,
1042 4106 1082 4149 ubi
1099 4107 1221 4150 aediculae
1234 4121 1293 4151 cou-

168 4183 292 4224 secrnntur
315 4182 432 4231 patentes.
481 4177 508 4219 lu
537 4176 573 4220 his
595 4176 651 4234 iuga
670 4175 747 4221 fracta
777 4177 807 4220 ab
833 4177 946 4234 agricolis
977 4181 1117 4232 ponuntur,
1149 4176 1244 4221 emeriti
1269 4181 1293 4220 et

170 4247 287 4292 elaborati
305 4247 385 4302 operis
403 4245 526 4291 indicium.
