2782 4762
127 189 146 248 lt

129 343 259 418 Vossii‚
284 340 414 423 Vulpii,
439 338 630 423 DocringiI,
655 339 740 402 Astii
756 339 993 403 commentariis
1008 352 1040 403 et
1053 339 1246 404 lectionibus

129 443 395 511 Mitscherlichii.
441 445 560 507 Parum
593 453 645 503 aut
673 442 754 504 nihil
782 442 934 525 praesidii
966 443 1244 507 subministrabat:

130 552 235 615 Libro
264 549 301 611 di
329 551 368 612 C.
395 532 534 612 Valerio
554 549 688 610 Catullo
713 547 868 610 tradotto
892 546 929 608 in
955 547 1045 610 versi
1069 549 1207 611 italiani
1226 571 1249 610 a

131 657 309 718 rincontro
332 651 492 712 detrecto
515 649 623 710 latino
649 652 695 711 da
717 650 823 733 Luigi
844 650 1034 734 Subleyras
1055 652 1130 714 nell'
1157 673 1249 715 ozano

132 757 372 822 MDCCLXX.
389 754 544 817 Secondo
552 753 719 817 edizione.
737 757 859 828 Roma,
867 753 908 815 de
916 755 1184 817 nomentanam.
1196 757 1247 819 12.

134 862 221 922 ‹mins
254 856 425 921 lectionem
456 879 473 919 e
504 855 739 920 Corradiniana
773 878 809 918 ac
840 855 1002 937 Vulpiana
1034 857 1117 920 miro
1152 861 1249 921 modo

134 965 265 1026 mixtam
281 959 488 1042 deprehendi.
528 960 607 1023 Plus
622 981 696 1022 sane
712 962 814 1023 debeo
830 979 954 1040 nupero
970 959 1089 1022 editori
1105 962 1251 1024 Franco-

135 1066 273 1151 gallico:
310 1069 376 1126 Les
399 1083 500 1125 noces
523 1063 564 1123 tle
589 1063 710 1125 Thetis
732 1075 765 1125 et
786 1063 827 1124 de
845 1064 962 1136 Pe'le'e,
982 1070 1103 1144 poe'me
1124 1065 1165 1125 de
1188 1067 1251 1129 Ca-

133 1174 215 1232 tulle
244 1166 378 1230 troduit
410 1187 478 1248 por
508 1169 562 1230 M.
580 1169 619 1229 P.
640 1167 889 1252 L.Ginguene'.
934 1166 1052 1240 Paris,
1070 1167 1251 1231 Mic-hund.

136 1273 230 1335 1812.
256 1271 313 1332 12..
332 1290 521 1354 quamquam
546 1268 600 1330 ille
623 1291 725 1353 neque
749 1267 879 1331 codices
901 1267 1050 1331 Lutetiae
1072 1282 1253 1334 asservatos

136 1397 238 1461 neque
261 1372 433 1436 editionem
455 1370 652 1453 principem,
679 1393 741 1456 qua
763 1381 931 1452 parerat,
955 1369 1120 1454 diligentia
1142 1385 1255 1435 contu-

136 1479 191 1552 lit,
232 1475 384 1538 maiorem
414 1474 525 1549 etiam,
570 1497 664 1558 qnam
688 1476 884 1549 merebatur,
918 1473 1097 1536 Alexandri
1121 1476 1256 1538 Guarini

137 1577 318 1644 recensioni
347 1577 569 1640 auctoritatem
599 1577 756 1639 tribuens.
795 1612 836 1622 —
873 1577 997 1638 Versus
1025 1576 1150 1663 aliquot
1172 1580 1257 1640 nnlla

138 1687 197 1748 iam
228 1695 296 1745 arte
327 1680 392 1743 sine
423 1679 609 1741 melioribus
638 1679 732 1742 libris
754 1680 911 1742 sanandos
933 1679 1087 1744 asterisco
1110 1684 1257 1763 praefixo

139 1785 229 1862 dedi,
262 1795 296 1845 ut
318 1784 468 1866 leguntur
496 1780 528 1843 in
553 1781 733 1845 Codicihus
756 1805 839 1844 nunc
861 1780 965 1857 notis3
992 1795 1133 1864 praestat
1155 1785 1258 1860 enim,

140 1889 277 1971 opinor,
300 1888 361 1946 hac
383 1885 415 1946 in
435 1906 469 1946 re
487 1883 626 1948 artifices
640 1884 777 1961 imitari,
800 1884 856 1970 qui
871 1885 1076 1970 antiquorum
1092 1887 1261 1951 simulacra

141 2006 253 2054 trunca
291 1988 498 2071 picturasque
535 1987 685 2051 evanidas
726 1987 853 2052 omissis
885 1988 1101 2053 recentiorum
1132 1991 1261 2075 supple-

144 2093 255 2158 mentis
276 2101 534 2172 repraesentare,
558 2112 652 2174 quam
675 2089 805 2154 mentita
820 2088 1005 2174 integritate
1019 2092 1133 2158 fallere
1148 2096 1261 2159 oculos

145 2198 274 2259 malunt.

209 2301 248 2362 lu
271 2295 449 2361 eiusdem
472 2299 621 2379 poe'tae
643 2296 759 2381 Elegia
782 2302 821 2360 de
837 2318 930 2361 coma
946 2300 1119 2364 Berenices
1134 2313 1263 2383 praeter

147 2401 286 2467 subsidia
316 2399 377 2463 iam
406 2413 582 2464 memorata
613 2423 651 2464 ac
673 2400 922 2464 Valckenarium
949 2403 1170 2482 (Callimachi
1186 2408 1264 2468 Ele-

150 2508 291 2592 giorum
302 2501 599 2590 fragmentorum
617 2504 730 2588 elegia
744 2504 871 2568 Catulli
884 2506 1111 2569 Callimachea
1125 2511 1266 2571 collecta

148 2623 249 2694 atque
268 2608 444 2670 illustrata
463 2629 485 2668 α
504 2612 545 2671 L.
568 2611 606 2673 C.
627 2610 853 2674 Valckenoer.
873 2611 986 2692 Lugd.
1004 2614 1083 2673 Bot.
1100 2613 1194 2676 1799.
1219 2613 1266 2692 8.)

149 2734 266 2797 magno
290 2709 368 2772 mihi
390 2710 604 2775 emolumento
626 2710 690 2773 suit
710 2709 863 2795 Hugonis
886 2711 1022 2776 Foscoli
1056 2713 1163 2795 [amici
1185 2715 1266 2790 mci,

151 2812 332 2880 Mediolani
355 2836 451 2897 quum
476 2817 643 2898 degerem,
676 2817 781 2896 probe
804 2813 882 2877 mihi
904 2815 1045 2900 cogniti,
1076 2829 1189 2900 postea
1212 2841 1268 2902 ge·

151 2915 348 2982 nerosissimi
363 2915 496 2993 exsulis,
520 2916 678 2981 Londinii
697 2938 798 2999 nuper
816 2917 948 2998 mortui]
970 2917 1053 2981 liber
1074 2920 1265 3003 inscriptus:

152 3029 205 3086 La
225 3021 367 3085 catomo
389 3019 426 3080 cti
452 3021 630 3096 Berenice,
665 3041 792 3103 poema
813 3020 849 3083 di
873 3021 1076 3100 Callimaco,
1114 3025 1269 3089 nanno

155 3126 201 3186 da
226 3121 366 3189 Valerio
389 3124 541 3199 Catullo,
580 3124 821 3206 volgorizzato
850 3126 893 3186 etl
919 3125 1094 3191 illustrato
1123 3129 1169 3189 da
1193 3131 1270 3211 Ugo

155 3228 307 3292 FoscolO.
351 3225 490 3289 Milono
523 3227 581 3288 dal
609 3225 718 3289 Genio
745 3227 959 3310 tipogrqfico
982 3229 1076 3292 1803.
1111 3230 1142 3293 8.
1188 3232 1271 3293 Nam

155 3326 301 3414 quamvis
335 3325 431 3407 animi
460 3350 552 3390 causa
581 3327 719 3410 optimus
747 3333 846 3410 pocta
868 3352 936 3392 eam
960 3330 1110 3408 ediderit,
1149 3345 1182 3396 ut
1204 3355 1272 3395 um·

155 3430 299 3497 braticos
330 3432 483 3493 doctores
513 3431 710 3494 describeret
740 3454 777 3494 ac
806 3432 886 3496 salse
910 3433 1087 3512 derideret,
1119 3438 1203 3499 haud
1224 3437 1273 3501 in·

158 3532 330 3618 diligenter
342 3544 446 3595 tamen
460 3533 603 3597 enotavit
618 3533 803 3598 varietatem
819 3535 967 3599 codicum
983 3539 1273 3605 Ambrosianorum

158 3648 311 3723 quattuor
332 3637 376 3698 Y.
400 3637 475 3715 (Μ.
494 3637 563 3717 38.)
585 3638 630 3699 Α.
654 3639 710 3716 (8.
729 3639 797 3719 67.)
820 3640 861 3701 Β.
886 3641 953 3719 (H.
968 3642 1037 3722 46.)
1061 3641 1102 3705 C.
1126 3645 1191 3723 (D.
1206 3645 1275 3726 21.)

159 3739 300 3804 omnium
323 3737 452 3822 quidem
475 3739 692 3803 recentiorum
714 3740 813 3804 seculi
834 3741 939 3827 quinti
962 3743 1092 3821 decimi,
1127 3758 1174 3822 et,
1209 3768 1274 3833 quo

159 3841 305 3923 pollebat
334 3841 464 3922 pulchri
492 3841 653 3928 exquisito
682 3865 792 3920 sensu,
830 3844 949 3908 rectius
977 3849 1015 3910 de
1038 3869 1115 3911 vera
1136 3849 1276 3914 lectione

161 3965 254 4025 saepe
276 3944 401 4021 statuit,
433 3968 526 4031 quam
547 3946 616 4029 ipse
638 3947 889 4024 Valckenarius,
920 3948 976 4035 qui
997 3951 1061 4015 hoc
1082 3950 1116 4014 in
1139 3952 1277 4017 carmine

161 4048 284 4110 edendo
307 4067 372 4109 non
395 4048 513 4128 minus,
551 4048 610 4113 etsi
639 4050 703 4115 alio
733 4055 848 4127 modo,
886 4051 996 4116 lusisse
1020 4059 1191 4118 censendus
1213 4038 1276 4132 est,

162 4161 196 4210 ut
226 4148 349 4211 scilicet
376 4148 507 4234 ingenio
540 4134 723 4239 indulgeret
757 4176 930 4241 omnesque
964 4157 1130 4222 doctrinae
1168 4159 1279 4242 copias

163 4249 304 4337 prodige
330 4254 517 4318 effunderet.
