2782 4762
180 171 241 234 140

240 327 370 395 Fertilis
392 328 625 394 aestivauitus
648 331 787 394 abundet
808 330 918 414 aqua?

113 463 115 467 ¹
178 432 253 496 Nile
275 444 386 513 pater,
413 453 545 516 quanam
568 452 705 515 possum·
721 443 754 496 to
775 431 880 496 dicere
904 452 1000 496 caiisa

216 532 218 535 ’
241 536 309 599 Aut
330 534 444 620 quibus
467 534 498 598 in
521 535 615 598 terris
638 534 815 599 occuluisse
838 534 958 617 caput?

179 639 229 703 Te
251 649 389 721 propter
410 638 515 702 nullos
538 638 630 701 tellus
653 648 708 702 tna
729 638 871 721 postulat
887 635 1031 715 imbres,
1091 686 1093 690 -

240 739 343 803 Arida
367 761 426 804 nec
446 738 567 803 Pluuio
588 740 749 822 supplicat
771 740 872 803 berba
894 739 1003 804 Iovi..
1031 768 1034 773 ·
1089 780 1092 787 ·

95 901 98 907 .
179 844 228 907 Te
251 841 337 905 canit
357 852 452 927 atque
475 862 566 903 sutum
591 842 693 922 pubes
710 840 848 904 'miratur
872 839 993 905 Osirim

241 945 404 1019 Barbara,
428 942 628 1025 Memphiten
650 943 804 1028 plangere
826 945 1074 1009 docta-bovem.

177 1045 306 1112 Primus
326 1055 432 1108 aratra
455 1065 549 1108 mauu
571 1044 697 1109 sollerti
711 1045 803 1109 'lecit
820 1036 926 1112 Osiris

240 1151 286 1215 Et
306 1162 448 1212 teneram
470 1147 563 1211 ierr'o
585 1146 770 1214 sollicitavit
793 1149 943 1225 humum,
988 1183 994 1199 ι

176 1250 305 1316 Primus
326 1250 512 1332 inexpertae
533 1248 692 1314 commisit
713 1249 831 1314 semina
852 1262 960 1315 terrae

239 1353 407 1437 Pomaque
430 1372 494 1417 non
517 1351 703 1436 notis-legit
721 1351 977 1418 ab‘urboribus:
1077 1401 1078 1404 η
1127 1373 1132 1399 »’

176 1454 240 1519 Hic
262 1455 371 1519 docuit
392 1465 531 1517 teneram
555 1452 633 1536 palis
655 1451 829 1539 adiungere
852 1453 969 1532 vitem,
1032 1501 1035 1507 ,
1090 1502 1093 1506 -
1191 1477 1195 1481 ·
1291 1458 1294 1463 '

239 1558 304 1622 Hic
325 1556 465 1621 viridem
482 1559 575 1619 dura*
587 1558 720 1619 caedere
741 1557 825 1620 falce
848 1577 994 1622 comani:
1014 1600 1018 1606 -

176 1658 229 1722 Illi
250 1659 405 1723 iucundos
425 1657 561 1741 primum
578 1669 707 1721 matura
730 1678 864 1741 sapores
877 1673 899 1706 τ’·
977 1692 981 1703 ·

240 1763 406 1845 Expressa
428 1760 554 1823 incultis
577 1776 649 1823 ruva·
663 1759 751 1824 dedit
772 1760 945 1842 pedibus.-

119 1880 126 1893 ‘
176 1863 236 1927 Ille
259 1863 368 1947 liquor
390 1861 502 1926 doerrit
523 1883 621 1925 voces
642 1861 804 1926 inflectere
826 1875 940 1942 cantu,

239 1963 351 2029 Movit
371 1976 402 2028 et
425 1967 591 2029 adrectos
612 1965 719 2029 nescia
732 1967 882 2029 membra
905 1970 1032 2031 modus.

177 2069 324 2132 Bacchus
347 2077 380 2130 et
398 2065 563 2152 agricolae
586 2062 703 2150 magno
729 2068 876 2131 contecta
901 2069 1013 2134 labore
1034 2111 1040 2121 -

239 2170 380 2234 Pectora
401 2167 547 2233 tristitiae
570 2169 774 2233 dissoluenda
799 2171 896 2235 dedit.

77 2341 81 2345 .
177 2273 322 2338 Bacchus
345 2285 376 2336 et
396 2271 518 2336 afflictis
541 2271 686 2356 requiem
712 2273 902 2336 mortalibus
925 2275 1036 2351 affert,

240 2374 347 2440 Crura
369 2375 448 2439 licet
466 2377 546 2438 dura
568 2377 722 2456 compede
745 2375 837 2456 pulsa
863 2389 989 2440 sonent.

176 2479 252 2542 Nou
275 2476 334 2541 tibi
358 2488 431 2540 sunt
453 2475 560 2540 tristes
577 2495 680 2540 ‘curae
704 2496 763 2539 nec
784 2477 907 2554 luctus,
932 2478 1041 2555 Osiri,
1074 2522 1086 2528 --
1117 2524 1120 2529 -

240 2582 305 2644 Sed
327 2582 445 2644 chorus
471 2590 503 2642 et
523 2590 635 2643 cantus
658 2590 689 2641 et
710 2577 792 2642 levis
815 2591 907 2661 aptus
931 2601 1037 2654 amor;

177 2685 241 2748 Sed
264 2680 344 2747 varii
364 2682 463 2747 flores
487 2693 518 2745 et
539 2681 631 2746 frons
656 2680 801 2745 redimita
824 2683 1004 2761 corymbis,

241 2787 329 2850 Fusa
351 2788 407 2849 sed
430 2787 467 2847 ad
492 2794 621 2848 teneros
645 2784 728 2846 lutea
749 2784 834 2866 palla
857 2787 955 2866 pedes

175 3008 259 3067 tinget
277 3029 286 3041 ·
304 3005 386 3060 clena.
442 3000 483 3048 18.
503 3004 610 3059 „Syria,
642 3009 668 3048 ut
686 3006 732 3049 late
751 3005 861 3060 patebat,
895 3009 990 3060 praeter
1008 3006 1115 3062 Coelen,
1138 3009 1304 3065 Phoenicen,

154 3076 156 3080 ’
176 3081 248 3122 etrum
265 3074 427 3119 Palaestinam
445 3073 590 3119 continebat.
628 3075 703 3128 Syros
722 3088 735 3117 a
760 3074 884 3121 vescendis
904 3075 1022 3120 columbis
1042 3077 1203 3132 abstinuisse,
1223 3079 1297 3123 etiam

175 3158 206 3190 ex
223 3145 330 3189 buriano
354 3142 384 3188 de
413 3141 470 3186 Dea
493 3141 574 3201 Syrio
600 3148 682 3188 notum
711 3146 774 3188 est.’'
798 3145 875 3198 lleyn.
936 3141 978 3189 22.
999 3145 1109 3191 abundat
1132 3148 1207 3192 Godd.
1236 3149 1294 3205 aliq.

175 3213 247 3271 prob.
266 3213 297 3258 tt.
319 3217 342 3256 et
360 3211 467 3257 Censore
483 3211 551 3266 Lips.
618 3209 660 3258 23.
676 3213 776 3270 poesim
795 3213 871 3259 Godd.
891 3215 949 3271 aliq.
966 3216 997 3258 V.
1017 3216 1045 3260 B.
1062 3215 1091 3260 1..
1128 3217 1160 3261 At
1182 3216 1295 3275 ignoran-

176 3285 234 3329 tiam
255 3283 361 3336 tutetur,
392 3294 467 3339 neque
493 3294 552 3325 vero
580 3286 664 3338 optut,
697 3287 723 3326 nt
749 3296 846 3327 causam
871 3285 901 3328 ab
926 3286 979 3338 ipso
999 3283 1064 3329 tluvii
1084 3286 1136 3329 Deo
1154 3293 1295 3344 cognoscat.

177 3350 221 3400 27.
240 3351 330 3398 Osirin
348 3352 381 3396 V.
434 3348 477 3395 28.
499 3351 516 3395 1.
537 3364 559 3395 e.
579 3349 669 3410 Apim3
683 3352 728 3395 cfr.
748 3351 813 3397 Plin.
833 3353 863 3396 H.
878 3353 909 3397 Ν.
928 3350 958 3407 8,
980 3349 1021 3398 16.
1060 3350 1101 3399 34.
1122 3368 1199 3399 eursu
1215 3355 1296 3400 Aaou.

175 3423 256 3468 cni..
278 3419 321 3470 36.
340 3421 359 3466 i.
378 3433 401 3468 e.
416 3419 669 3466 nudis.—udductic
687 3421 912 3466 lisine-intotis
930 3422 992 3466 Stat.
1046 3420 1088 3468 to.
1108 3423 1215 3469 tristitie
1233 3425 1294 3470 Stat.

175 3491 287 3538 loetitiae
310 3491 376 3535 Mur.
419 3489 465 3534 Sed
482 3489 602 3533 tristitiae
620 3493 745 3535 est'casns
762 3494 890 3538 secundus.
911 3491 1000 3550 lunge:
1042 3489 1175 3544 „Baculus
1189 3498 1297 3550 pectora

175 3562 307 3622 agricolus
326 3557 425 3619 (gerit.)
444 3557 511 3603 dedit
525 3558 686 3604 dissoluenda
703 3559 823 3604 tristitiae
827 3572 840 3614 ,·
859 3561 891 3605 ita
904 3567 970 3605 recte
983 3562 1069 3605 dicitur
1080 3563 1166 3622 legum
1187 3564 1295 3607 solutus.

177 3631 231 3676 nn.
252 3628 300 3690 21,
322 3627 363 3674 62.
382 3629 497 3673 lecerunt
515 3628 628 3673 unionum
646 3628 807 3688 religionic.”
827 3630 856 3674 ld.
883 3631 936 3679 Gir.
957 3630 1041 3674 llorat.
1062 3631 1109 3675 0d.
1131 3628 1161 3684 3,
1183 3630 1231 3686 17,
1249 3631 1294 3677 et.

174 3714 232 3746 eum
246 3696 364 3757 'sumulie
393 3710 497 3754 operum
519 3697 620 3742 solutis.
675 3695 719 3744 tt.
741 3711 836 3755 preren
853 3713 897 3754 pro
911 3699 990 3756 pulsu
1007 3700 1080 3747 Pncc.
1147 3698 1295 3760 1766107,

176 3768 238 3814 God.
263 3767 338 3814 Goth.
357 3768 388 3812 V.
410 3767 440 3810 B.
462 3787 491 3799 -
511 3765 597 3810 dulcio
614 3767 660 3812 Ed.
686 3780 723 3824 pr.
746 3788 775 3800 -
794 3767 877 3813 dulcis
896 3769 995 3825 reliqui.
1014 3769 1044 3812 1..
1068 3769 1114 3814 cfr.
1132 3768 1165 3824 2,
1196 3768 1225 3824 1,
1252 3768 1295 3815 86.

177 3835 220 3883 18.
238 3836 312 3882 ludos
330 3837 430 3881 retinuit
446 3834 564 3893 Lacbm.;
584 3841 639 3882 tunc
658 3839 805 3883 constructio
824 3839 884 3883 erit:
905 3838 1066 3892 „concelebra
1085 3840 1179 3883 centuni
1200 3840 1296 3884 choreis

177 3907 246 3951 ludos
268 3905 417 3963 Geniumque
435 3904 452 3948 i.
469 3918 493 3950 e.
514 3905 583 3951 ludos
600 3906 624 3951 in
642 3906 712 3952 Genti
731 3907 848 3952 bonorem
866 3907 971 3956 tactos.'’
998 3907 1046 3951 dlii
1065 3908 1127 3952 (iod.
1151 3913 1175 3954 et
1198 3910 1294 3966 Vulgo:

107 3982 116 3993 ’
176 3973 254 4022 ludis.
274 3974 431 4029 ,concelebra
449 3973 553 4019 Genium
577 3979 671 4021 centnm
692 3976 754 4020 lndls
776 3982 800 4021 et
817 3976 939 4022 cboreis.''
957 3996 992 4009 -
1010 3975 1117 4022 Genium
1137 3977 1221 4032 ludia,
1247 3976 1297 4023 Ge·-

176 4044 293 4103 niuemque
311 4041 421 4088 choreis.
447 4044 538 4090 Marlet.
563 4044 640 4098 narn.
664 4065 693 4077 -
712 4051 828 4091 cunctum
845 4044 905 4092 tudo
928 4044 1083 4105 Geniumque
1102 4047 1189 4102 Guyet.
1209 4049 1242 4092 V.
1264 4068 1294 4080 -

176 4111 298 4171 (Genium
326 4111 395 4158 ludia
418 4118 563 4172 centumque
585 4110 627 4159 ela.
652 4115 757 4159 Huschk.
787 4114 862 4170 coni.)
916 4113 959 4162 51.
978 4120 1001 4159 et
1018 4114 1098 4160 nitido
1115 4117 1145 4160 L.
1201 4114 1243 4162 52.
1263 4114 1296 4172 (Ε
1354 4136 1361 4148 ·

176 4183 258 4242 capite
276 4183 352 4237 lleyn.
368 4179 446 4240 coni.)
482 4178 524 4228 5³.
543 4184 593 4228 Pro
606 4182 652 4228 tibi
668 4179 723 4228 ilem
735 4178 819 4238 *uem
831 4184 905 4230 Golb.
923 4198 936 4229 e
954 4185 1013 4230 Gdd.
1028 4186 1085 4244 utiq.
1099 4198 1104 4231 :
1122 4206 1151 4218 ··-
1165 4186 1212 4231 tibi
1225 4184 1294 4231 dum.

177 4253 223 4300 ssd
242 4251 387 4300 constructio
413 4251 483 4298 buius
506 4251 625 4299 termulae
651 4264 693 4309 per
715 4253 800 4309 partic.
821 4255 860 4300 eie
879 4255 1008 4311 precandi,
1032 4255 1189 4312 obtestandi,
1220 4255 1296 4301 obse-
