<?xml version="1.0" encoding="UTF-8"?>
<!DOCTYPE html PUBLIC "-//W3C//DTD XHTML 1.0 Transitional//EN"
    "http://www.w3.org/TR/xhtml1/DTD/xhtml1-transitional.dtd">
<html xmlns="http://www.w3.org/1999/xhtml" xml:lang="en" lang="en">
 <head>
  <title>
</title>
<meta http-equiv="Content-Type" content="text/html;charset=utf-8" />
  <meta name='ocr-system' content='tesseract 3.04.00' />
  <meta name='ocr-capabilities' content='ocr_page ocr_carea ocr_par ocr_line ocrx_word'/>
</head>
<body>
  <div class='ocr_page' id='page_1' title='image "./eclogaepoetarum00orelgoog_0402.png"; bbox 0 0 2752 4746; ppageno 0'>
   <div class='ocr_carea' id='block_1_1' title="bbox 1086 199 1150 266">
    <p class='ocr_par' dir='ltr' id='par_1_1' title="bbox 1086 199 1150 266">
     <span class='ocr_line' id='line_1_1' title="bbox 1086 199 1150 266; baseline 0 -1"><span class='ocrx_word' id='word_1_1' title='bbox 1086 199 1150 266; x_wconf 78' lang='lat' dir='ltr'>ota</span> 
     </span>
    </p>
   </div>
   <div class='ocr_carea' id='block_1_2' title="bbox 202 357 1163 2921">
    <p class='ocr_par' dir='ltr' id='par_1_2' title="bbox 202 357 1163 2921">
     <span class='ocr_line' id='line_1_2' title="bbox 264 357 1158 443; baseline -0.002 -19"><span class='ocrx_word' id='word_1_2' title='bbox 264 360 333 424; x_wconf 87' lang='lat' dir='ltr'>Iam</span> <span class='ocrx_word' id='word_1_3' title='bbox 357 380 416 424; x_wconf 87' lang='lat' dir='ltr'>nec</span> <span class='ocrx_word' id='word_1_4' title='bbox 438 370 527 423; x_wconf 84' lang='lat' dir='ltr'>scuta</span> <span class='ocrx_word' id='word_1_5' title='bbox 548 369 642 423; x_wconf 82' lang='lat' dir='ltr'>sonat</span> <span class='ocrx_word' id='word_1_6' title='bbox 664 379 723 423; x_wconf 86' lang='lat' dir='ltr'>nec</span> <span class='ocrx_word' id='word_1_7' title='bbox 745 357 914 443; x_wconf 77' lang='lat' dir='ltr'>strepitum</span> <span class='ocrx_word' id='word_1_8' title='bbox 936 358 1038 424; x_wconf 88' lang='lat' dir='ltr'>trucis</span> <span class='ocrx_word' id='word_1_9' title='bbox 1116 359 1158 425; x_wconf 84' lang='lat'>10</span> 
     </span>
     <span class='ocr_line' id='line_1_3' title="bbox 202 462 618 539; baseline 0 -13"><span class='ocrx_word' id='word_1_10' title='bbox 202 462 362 539; x_wconf 83' lang='lat' dir='ltr'>Gradivi,</span> <span class='ocrx_word' id='word_1_11' title='bbox 388 465 444 526; x_wconf 87' lang='lat' dir='ltr'>sed</span> <span class='ocrx_word' id='word_1_12' title='bbox 466 463 618 526; x_wconf 79' lang='lat' dir='ltr'>amabiles</span> 
     </span>
     <span class='ocr_line' id='line_1_4' title="bbox 266 558 863 631; baseline -0.002 0"><span class='ocrx_word' id='word_1_13' title='bbox 266 568 365 631; x_wconf 85' lang='lat' dir='ltr'>Ruris</span> <span class='ocrx_word' id='word_1_14' title='bbox 388 566 538 631; x_wconf 73' lang='lat' dir='ltr'>deliciasz</span> <span class='ocrx_word' id='word_1_15' title='bbox 562 565 630 630; x_wconf 83' lang='lat' dir='ltr'>sive</span> <span class='ocrx_word' id='word_1_16' title='bbox 653 565 799 630; x_wconf 84' lang='lat' dir='ltr'>rubentia</span> <span class='ocrx_word' id='word_1_17' title='bbox 856 558 863 573; x_wconf 83' lang='grc'>’</span> 
     </span>
     <span class='ocr_line' id='line_1_5' title="bbox 205 669 525 735; baseline -0.009 0"><span class='ocrx_word' id='word_1_18' title='bbox 205 670 280 735; x_wconf 87' lang='lat' dir='ltr'>Udo</span> <span class='ocrx_word' id='word_1_19' title='bbox 304 690 380 735; x_wconf 84' lang='lat' dir='ltr'>core</span> <span class='ocrx_word' id='word_1_20' title='bbox 402 669 525 734; x_wconf 86' lang='lat' dir='ltr'>rosaria</span> 
     </span>
     <span class='ocr_line' id='line_1_6' title="bbox 271 772 883 838; baseline 0 -2"><span class='ocrx_word' id='word_1_21' title='bbox 271 773 334 836; x_wconf 90' lang='lat' dir='ltr'>Seu</span> <span class='ocrx_word' id='word_1_22' title='bbox 356 774 468 837; x_wconf 88' lang='lat' dir='ltr'>molles</span> <span class='ocrx_word' id='word_1_23' title='bbox 492 773 593 838; x_wconf 86' lang='lat' dir='ltr'>violas</span> <span class='ocrx_word' id='word_1_24' title='bbox 616 772 685 837; x_wconf 89' lang='lat' dir='ltr'>sive</span> <span class='ocrx_word' id='word_1_25' title='bbox 709 773 883 838; x_wconf 84' lang='lat' dir='ltr'>volubilem</span> 
     </span>
     <span class='ocr_line' id='line_1_7' title="bbox 204 875 576 940; baseline -0.008 0"><span class='ocrx_word' id='word_1_26' title='bbox 204 877 287 940; x_wconf 87' lang='lat' dir='ltr'>Leni</span> <span class='ocrx_word' id='word_1_27' title='bbox 309 876 437 940; x_wconf 89' lang='lat' dir='ltr'>flumine</span> <span class='ocrx_word' id='word_1_28' title='bbox 460 875 576 939; x_wconf 83' lang='lat' dir='ltr'>Villam</span> 
     </span>
     <span class='ocr_line' id='line_1_8' title="bbox 267 979 923 1065; baseline 0.002 -23"><span class='ocrx_word' id='word_1_29' title='bbox 267 981 333 1043; x_wconf 88' lang='lat' dir='ltr'>Seu</span> <span class='ocrx_word' id='word_1_30' title='bbox 355 980 460 1062; x_wconf 87' lang='lat' dir='ltr'>primo</span> <span class='ocrx_word' id='word_1_31' title='bbox 484 981 621 1065; x_wconf 80' lang='lat' dir='ltr'>graciles</span> <span class='ocrx_word' id='word_1_32' title='bbox 644 1001 720 1044; x_wconf 88' lang='lat' dir='ltr'>vere</span> <span class='ocrx_word' id='word_1_33' title='bbox 744 979 923 1045; x_wconf 84' lang='lat' dir='ltr'>Favonios.</span> 
     </span>
     <span class='ocr_line' id='line_1_9' title="bbox 203 1083 716 1168; baseline -0.006 -19"><span class='ocrx_word' id='word_1_34' title='bbox 203 1085 249 1149; x_wconf 88' lang='lat' dir='ltr'>At</span> <span class='ocrx_word' id='word_1_35' title='bbox 271 1095 325 1161; x_wconf 86' lang='lat' dir='ltr'>tu,</span> <span class='ocrx_word' id='word_1_36' title='bbox 351 1083 494 1160; x_wconf 79' lang='lat' dir='ltr'>Naevia,</span> <span class='ocrx_word' id='word_1_37' title='bbox 520 1104 613 1168; x_wconf 90' lang='lat' dir='ltr'>quem</span> <span class='ocrx_word' id='word_1_38' title='bbox 636 1104 716 1165; x_wconf 86' lang='lat' dir='ltr'>puer</span> 
     </span>
     <span class='ocr_line' id='line_1_10' title="bbox 271 1185 956 1269; baseline -0.001 -19"><span class='ocrx_word' id='word_1_39' title='bbox 271 1190 354 1250; x_wconf 87' lang='lat' dir='ltr'>Tum</span> <span class='ocrx_word' id='word_1_40' title='bbox 377 1186 512 1269; x_wconf 87' lang='lat' dir='ltr'>primum</span> <span class='ocrx_word' id='word_1_41' title='bbox 537 1186 676 1252; x_wconf 83' lang='lat' dir='ltr'>Calabra</span> <span class='ocrx_word' id='word_1_42' title='bbox 698 1185 853 1269; x_wconf 85' lang='lat' dir='ltr'>personui</span> <span class='ocrx_word' id='word_1_43' title='bbox 874 1186 956 1266; x_wconf 87' lang='lat' dir='ltr'>lide,</span> 
     </span>
     <span class='ocr_line' id='line_1_11' title="bbox 207 1289 627 1372; baseline -0.005 -16"><span class='ocrx_word' id='word_1_44' title='bbox 207 1292 280 1356; x_wconf 92' lang='lat' dir='ltr'>Ictu</span> <span class='ocrx_word' id='word_1_45' title='bbox 302 1289 436 1372; x_wconf 85' lang='lat' dir='ltr'>pectinis</span> <span class='ocrx_word' id='word_1_46' title='bbox 460 1292 523 1354; x_wconf 90' lang='lat' dir='ltr'>hoc</span> <span class='ocrx_word' id='word_1_47' title='bbox 545 1291 627 1354; x_wconf 86' lang='lat' dir='ltr'>habe</span> 
     </span>
     <span class='ocr_line' id='line_1_12' title="bbox 267 1392 841 1457; baseline 0 0"><span class='ocrx_word' id='word_1_48' title='bbox 267 1392 408 1457; x_wconf 86' lang='lat' dir='ltr'>Incisum</span> <span class='ocrx_word' id='word_1_49' title='bbox 432 1392 524 1456; x_wconf 89' lang='lat' dir='ltr'>viridi</span> <span class='ocrx_word' id='word_1_50' title='bbox 546 1415 673 1456; x_wconf 89' lang='lat' dir='ltr'>carmen</span> <span class='ocrx_word' id='word_1_51' title='bbox 693 1392 725 1455; x_wconf 95' lang='lat' dir='ltr'>in</span> <span class='ocrx_word' id='word_1_52' title='bbox 748 1392 841 1457; x_wconf 77' lang='lat' dir='ltr'>ilice:</span> 
     </span>
     <span class='ocr_line' id='line_1_13' title="bbox 205 1495 827 1583; baseline -0.003 -23"><span class='ocrx_word' id='word_1_53' title='bbox 205 1496 332 1583; x_wconf 77' lang='lat' dir='ltr'>„Quem</span> <span class='ocrx_word' id='word_1_54' title='bbox 355 1497 528 1574; x_wconf 91' lang='lat' dir='ltr'>Phoebus,</span> <span class='ocrx_word' id='word_1_55' title='bbox 554 1495 695 1560; x_wconf 78' lang='lat' dir='ltr'>citharae</span> <span class='ocrx_word' id='word_1_56' title='bbox 717 1509 827 1579; x_wconf 88' lang='lat' dir='ltr'>pater,</span> 
     </span>
     <span class='ocr_line' id='line_1_14' title="bbox 271 1599 966 1681; baseline -0.001 -18"><span class='ocrx_word' id='word_1_57' title='bbox 271 1602 373 1681; x_wconf 85' lang='lat' dir='ltr'>Quem</span> <span class='ocrx_word' id='word_1_58' title='bbox 395 1601 498 1662; x_wconf 85' lang='lat' dir='ltr'>laetae</span> <span class='ocrx_word' id='word_1_59' title='bbox 521 1600 651 1662; x_wconf 86' lang='lat' dir='ltr'>citharis</span> <span class='ocrx_word' id='word_1_60' title='bbox 674 1599 818 1664; x_wconf 85' lang='lat' dir='ltr'>Pierides</span> <span class='ocrx_word' id='word_1_61' title='bbox 842 1612 966 1678; x_wconf 84' lang='lat' dir='ltr'>amant,</span> 
     </span>
     <span class='ocr_line' id='line_1_15' title="bbox 208 1683 690 1776; baseline -0.008 -9"><span class='ocrx_word' id='word_1_62' title='bbox 208 1683 346 1767; x_wconf 83' lang='lat' dir='ltr'>Laetum</span> <span class='ocrx_word' id='word_1_63' title='bbox 370 1703 493 1766; x_wconf 85' lang='lat' dir='ltr'>barbita</span> <span class='ocrx_word' id='word_1_64' title='bbox 518 1703 690 1776; x_wconf 73' lang='lat' dir='ltr'>Naevian,</span> 
     </span>
     <span class='ocr_line' id='line_1_16' title="bbox 270 1804 969 1889; baseline 0 -21"><span class='ocrx_word' id='word_1_65' title='bbox 270 1807 408 1868; x_wconf 88' lang='lat' dir='ltr'>Laetum</span> <span class='ocrx_word' id='word_1_66' title='bbox 431 1804 569 1889; x_wconf 86' lang='lat' dir='ltr'>virginei</span> <span class='ocrx_word' id='word_1_67' title='bbox 591 1826 718 1886; x_wconf 83' lang='lat' dir='ltr'>semper</span> <span class='ocrx_word' id='word_1_68' title='bbox 740 1817 844 1868; x_wconf 80' lang='lat' dir='ltr'>ament</span> <span class='ocrx_word' id='word_1_69' title='bbox 867 1805 969 1870; x_wconf 87' lang='lat' dir='ltr'>chori.</span> 
     </span>
     <span class='ocr_line' id='line_1_17' title="bbox 210 1907 1159 1991; baseline -0.001 -18"><span class='ocrx_word' id='word_1_70' title='bbox 210 1911 319 1985; x_wconf 89' lang='lat' dir='ltr'>Haec,</span> <span class='ocrx_word' id='word_1_71' title='bbox 345 1912 417 1971; x_wconf 89' lang='lat' dir='ltr'>dnm</span> <span class='ocrx_word' id='word_1_72' title='bbox 440 1920 555 1991; x_wconf 91' lang='lat' dir='ltr'>sponte</span> <span class='ocrx_word' id='word_1_73' title='bbox 573 1907 706 1971; x_wconf 86' lang='lat' dir='ltr'>virentia</span> <span class='ocrx_word' id='word_1_74' title='bbox 1119 1909 1159 1973; x_wconf 79' lang='lat'>25</span> 
     </span>
     <span class='ocr_line' id='line_1_18' title="bbox 270 2010 897 2089; baseline 0.002 -14"><span class='ocrx_word' id='word_1_75' title='bbox 270 2012 393 2076; x_wconf 88' lang='lat' dir='ltr'>Vivent</span> <span class='ocrx_word' id='word_1_76' title='bbox 414 2010 446 2072; x_wconf 91' lang='lat' dir='ltr'>in</span> <span class='ocrx_word' id='word_1_77' title='bbox 469 2010 569 2073; x_wconf 88' lang='lat' dir='ltr'>teneri</span> <span class='ocrx_word' id='word_1_78' title='bbox 592 2014 725 2075; x_wconf 89' lang='lat' dir='ltr'>volnere</span> <span class='ocrx_word' id='word_1_79' title='bbox 749 2011 897 2089; x_wconf 88' lang='lat' dir='ltr'>corticis,</span> 
     </span>
     <span class='ocr_line' id='line_1_19' title="bbox 207 2113 596 2196; baseline -0.01 -16"><span class='ocrx_word' id='word_1_80' title='bbox 207 2113 386 2180; x_wconf 77' lang='lat' dir='ltr'>Addiscent</span> <span class='ocrx_word' id='word_1_81' title='bbox 407 2114 500 2196; x_wconf 88' lang='lat' dir='ltr'>pueri</span> <span class='ocrx_word' id='word_1_82' title='bbox 521 2113 596 2194; x_wconf 90' lang='lat' dir='ltr'>tibi,</span> 
     </span>
     <span class='ocr_line' id='line_1_20' title="bbox 269 2215 935 2304; baseline 0.006 -25"><span class='ocrx_word' id='word_1_83' title='bbox 269 2217 447 2280; x_wconf 84' lang='lat' dir='ltr'>Addiscent</span> <span class='ocrx_word' id='word_1_84' title='bbox 468 2215 583 2280; x_wconf 86' lang='lat' dir='ltr'>tacitae</span> <span class='ocrx_word' id='word_1_85' title='bbox 606 2218 745 2281; x_wconf 87' lang='lat' dir='ltr'>carmina</span> <span class='ocrx_word' id='word_1_86' title='bbox 769 2219 935 2304; x_wconf 87' lang='lat' dir='ltr'>virgines:</span> 
     </span>
     <span class='ocr_line' id='line_1_21' title="bbox 207 2318 632 2396; baseline -0.007 -10"><span class='ocrx_word' id='word_1_87' title='bbox 207 2323 307 2386; x_wconf 86' lang='lat' dir='ltr'>Festo</span> <span class='ocrx_word' id='word_1_88' title='bbox 331 2338 406 2384; x_wconf 89' lang='lat' dir='ltr'>mox</span> <span class='ocrx_word' id='word_1_89' title='bbox 431 2321 537 2382; x_wconf 89' lang='lat' dir='ltr'>cadem</span> <span class='ocrx_word' id='word_1_90' title='bbox 562 2318 632 2396; x_wconf 88' lang='lat' dir='ltr'>dic,</span> 
     </span>
     <span class='ocr_line' id='line_1_22' title="bbox 271 2423 1163 2511; baseline 0 -22"><span class='ocrx_word' id='word_1_91' title='bbox 271 2426 358 2489; x_wconf 90' lang='lat' dir='ltr'>Dum</span> <span class='ocrx_word' id='word_1_92' title='bbox 383 2424 508 2511; x_wconf 81' lang='lat' dir='ltr'>glebam</span> <span class='ocrx_word' id='word_1_93' title='bbox 531 2423 652 2487; x_wconf 88' lang='lat' dir='ltr'>solidae</span> <span class='ocrx_word' id='word_1_94' title='bbox 675 2423 753 2489; x_wconf 91' lang='lat' dir='ltr'>lucis</span> <span class='ocrx_word' id='word_1_95' title='bbox 777 2437 808 2490; x_wconf 91' lang='lat' dir='ltr'>et</span> <span class='ocrx_word' id='word_1_96' title='bbox 829 2425 941 2511; x_wconf 85' lang='lat' dir='ltr'>igneas</span> <span class='ocrx_word' id='word_1_97' title='bbox 1122 2429 1163 2493; x_wconf 85' lang='grc'>30</span> 
     </span>
     <span class='ocr_line' id='line_1_23' title="bbox 207 2527 652 2611; baseline -0.013 -17"><span class='ocrx_word' id='word_1_98' title='bbox 207 2530 332 2594; x_wconf 88' lang='lat' dir='ltr'>Electri</span> <span class='ocrx_word' id='word_1_99' title='bbox 356 2529 503 2591; x_wconf 85' lang='lat' dir='ltr'>lacrimas</span> <span class='ocrx_word' id='word_1_100' title='bbox 525 2527 652 2611; x_wconf 86' lang='lat' dir='ltr'>legent,</span> 
     </span>
     <span class='ocr_line' id='line_1_24' title="bbox 270 2628 849 2714; baseline -0.005 -17"><span class='ocrx_word' id='word_1_101' title='bbox 270 2631 387 2697; x_wconf 89' lang='lat' dir='ltr'>Partiti</span> <span class='ocrx_word' id='word_1_102' title='bbox 410 2628 544 2714; x_wconf 87' lang='lat' dir='ltr'>geminis</span> <span class='ocrx_word' id='word_1_103' title='bbox 567 2628 663 2692; x_wconf 86' lang='lat' dir='ltr'>litora</span> <span class='ocrx_word' id='word_1_104' title='bbox 686 2630 849 2708; x_wconf 87' lang='lat' dir='ltr'>coetibus,</span> 
     </span>
     <span class='ocr_line' id='line_1_25' title="bbox 210 2729 566 2815; baseline -0.022 -16"><span class='ocrx_word' id='word_1_105' title='bbox 210 2734 354 2800; x_wconf 89' lang='lat' dir='ltr'>Alternis</span> <span class='ocrx_word' id='word_1_106' title='bbox 377 2731 470 2815; x_wconf 86' lang='lat' dir='ltr'>pueri</span> <span class='ocrx_word' id='word_1_107' title='bbox 492 2729 566 2805; x_wconf 91' lang='lat' dir='ltr'>tibi,</span> 
     </span>
     <span class='ocr_line' id='line_1_26' title="bbox 272 2832 942 2921; baseline 0.004 -22"><span class='ocrx_word' id='word_1_108' title='bbox 272 2834 414 2899; x_wconf 87' lang='lat' dir='ltr'>Alternis</span> <span class='ocrx_word' id='word_1_109' title='bbox 436 2832 582 2896; x_wconf 87' lang='lat' dir='ltr'>recinent</span> <span class='ocrx_word' id='word_1_110' title='bbox 604 2833 742 2897; x_wconf 86' lang='lat' dir='ltr'>carmina</span> <span class='ocrx_word' id='word_1_111' title='bbox 767 2834 942 2921; x_wconf 84' lang='lat' dir='ltr'>virgines.”</span> 
     </span>
    </p>
   </div>
   <div class='ocr_carea' id='block_1_3' title="bbox 297 3139 907 3336">
    <p class='ocr_par' dir='ltr' id='par_1_3' title="bbox 297 3139 907 3336">
     <span class='ocr_line' id='line_1_27' title="bbox 439 3139 761 3188; baseline -0.003 -4"><span class='ocrx_word' id='word_1_112' title='bbox 439 3140 501 3188; x_wconf 79' lang='lat' dir='ltr'>nm.</span> <span class='ocrx_word' id='word_1_113' title='bbox 523 3140 567 3184; x_wconf 79' lang='grc' dir='ltr'>ιν.</span> <span class='ocrx_word' id='word_1_114' title='bbox 604 3139 669 3184; x_wconf 76' lang='lat' dir='ltr'>oue</span> <span class='ocrx_word' id='word_1_115' title='bbox 690 3139 761 3183; x_wconf 75' lang='lat' dir='ltr'>xlv.</span> 
     </span>
     <span class='ocr_line' id='line_1_28' title="bbox 297 3258 907 3336; baseline -0.003 -10"><span class='ocrx_word' id='word_1_116' title='bbox 297 3263 361 3326; x_wconf 90' lang='lat' dir='ltr'>AD</span> <span class='ocrx_word' id='word_1_117' title='bbox 386 3258 596 3325; x_wconf 88' lang='lat' dir='ltr'><strong>CRISPUM</strong></span> <span class='ocrx_word' id='word_1_118' title='bbox 618 3258 907 3336; x_wconf 84' lang='lat' dir='ltr'><strong>LAEVINIUM.</strong></span> 
     </span>
    </p>
   </div>
   <div class='ocr_carea' id='block_1_4' title="bbox 118 3381 1084 3470">
    <p class='ocr_par' dir='ltr' id='par_1_4' title="bbox 118 3381 1084 3470">
     <span class='ocr_line' id='line_1_29' title="bbox 118 3381 1084 3470; baseline -0.005 -19"><span class='ocrx_word' id='word_1_119' title='bbox 118 3390 278 3470; x_wconf 75' lang='lat' dir='ltr'>Rogatus</span> <span class='ocrx_word' id='word_1_120' title='bbox 299 3405 361 3446; x_wconf 83' lang='lat' dir='ltr'>cur</span> <span class='ocrx_word' id='word_1_121' title='bbox 382 3404 484 3465; x_wconf 78' lang='lat' dir='ltr'>saepe</span> <span class='ocrx_word' id='word_1_122' title='bbox 503 3404 568 3465; x_wconf 84' lang='lat' dir='ltr'>per</span> <span class='ocrx_word' id='word_1_123' title='bbox 590 3381 856 3459; x_wconf 70' lang='lat' dir='ltr'>ammoneret,</span> <span class='ocrx_word' id='word_1_124' title='bbox 888 3382 1084 3466; x_wconf 76' lang='lat' dir='ltr'>respondet.</span> 
     </span>
    </p>
   </div>
   <div class='ocr_carea' id='block_1_5' title="bbox 209 3522 887 3905">
    <p class='ocr_par' dir='ltr' id='par_1_5' title="bbox 211 3522 887 3604">
     <span class='ocr_line' id='line_1_30' title="bbox 211 3522 887 3604; baseline -0.004 -16"><span class='ocrx_word' id='word_1_125' title='bbox 211 3525 317 3604; x_wconf 89' lang='lat' dir='ltr'>Quom</span> <span class='ocrx_word' id='word_1_126' title='bbox 341 3544 440 3586; x_wconf 87' lang='lat' dir='ltr'>meam</span> <span class='ocrx_word' id='word_1_127' title='bbox 463 3522 557 3584; x_wconf 86' lang='lat' dir='ltr'>nullis</span> <span class='ocrx_word' id='word_1_128' title='bbox 579 3524 730 3585; x_wconf 91' lang='lat' dir='ltr'>humeros</span> <span class='ocrx_word' id='word_1_129' title='bbox 753 3533 887 3585; x_wconf 90' lang='lat' dir='ltr'>onustus</span> 
     </span>
    </p>

    <p class='ocr_par' dir='ltr' id='par_1_6' title="bbox 210 3624 767 3708">
     <span class='ocr_line' id='line_1_31' title="bbox 210 3624 767 3708; baseline -0.002 -18"><span class='ocrx_word' id='word_1_130' title='bbox 210 3626 349 3691; x_wconf 89' lang='lat' dir='ltr'>Sarcinis</span> <span class='ocrx_word' id='word_1_131' title='bbox 372 3638 475 3689; x_wconf 89' lang='lat' dir='ltr'>tecum</span> <span class='ocrx_word' id='word_1_132' title='bbox 498 3624 633 3708; x_wconf 85' lang='lat' dir='ltr'>patriam</span> <span class='ocrx_word' id='word_1_133' title='bbox 658 3625 767 3689; x_wconf 84' lang='lat' dir='ltr'>reviso</span> 
     </span>
    </p>

    <p class='ocr_par' dir='ltr' id='par_1_7' title="bbox 209 3726 867 3905">
     <span class='ocr_line' id='line_1_32' title="bbox 209 3726 867 3812; baseline 0 -20"><span class='ocrx_word' id='word_1_134' title='bbox 209 3731 330 3793; x_wconf 87' lang='lat' dir='ltr'>Laetus</span> <span class='ocrx_word' id='word_1_135' title='bbox 354 3741 384 3791; x_wconf 93' lang='lat' dir='ltr'>et</span> <span class='ocrx_word' id='word_1_136' title='bbox 406 3749 509 3811; x_wconf 82' lang='lat' dir='ltr'>parvo</span> <span class='ocrx_word' id='word_1_137' title='bbox 534 3726 608 3790; x_wconf 89' lang='lat' dir='ltr'>mihi</span> <span class='ocrx_word' id='word_1_138' title='bbox 631 3749 755 3812; x_wconf 89' lang='lat' dir='ltr'>cunque</span> <span class='ocrx_word' id='word_1_139' title='bbox 777 3729 867 3793; x_wconf 88' lang='lat' dir='ltr'>dives</span> 
     </span>
     <span class='ocr_line' id='line_1_33' title="bbox 296 3829 548 3905; baseline -0.012 -11"><span class='ocrx_word' id='word_1_140' title='bbox 296 3830 401 3895; x_wconf 81' lang='lat' dir='ltr'>Canto</span> <span class='ocrx_word' id='word_1_141' title='bbox 424 3829 548 3905; x_wconf 84' lang='lat' dir='ltr'>viator3</span> 
     </span>
    </p>
   </div>
   <div class='ocr_carea' id='block_1_6' title="bbox 209 3951 910 4349">
    <p class='ocr_par' dir='ltr' id='par_1_8' title="bbox 210 3951 874 4017">
     <span class='ocr_line' id='line_1_34' title="bbox 210 3951 874 4017; baseline -0.002 0"><span class='ocrx_word' id='word_1_142' title='bbox 210 3957 262 4017; x_wconf 92' lang='lat' dir='ltr'>Tu</span> <span class='ocrx_word' id='word_1_143' title='bbox 285 3951 358 4016; x_wconf 86' lang='lat' dir='ltr'>siles</span> <span class='ocrx_word' id='word_1_144' title='bbox 382 3965 555 4016; x_wconf 90' lang='lat' dir='ltr'>maestum:</span> <span class='ocrx_word' id='word_1_145' title='bbox 578 3953 636 4017; x_wconf 87' lang='lat' dir='ltr'>tibi</span> <span class='ocrx_word' id='word_1_146' title='bbox 658 3976 735 4017; x_wconf 88' lang='lat' dir='ltr'>cura</span> <span class='ocrx_word' id='word_1_147' title='bbox 758 3955 874 4017; x_wconf 89' lang='lat' dir='ltr'>Musas</span> 
     </span>
    </p>

    <p class='ocr_par' dir='ltr' id='par_1_9' title="bbox 209 4055 871 4140">
     <span class='ocr_line' id='line_1_35' title="bbox 209 4055 871 4140; baseline -0.002 -19"><span class='ocrx_word' id='word_1_148' title='bbox 209 4055 321 4121; x_wconf 88' lang='lat' dir='ltr'>Demit</span> <span class='ocrx_word' id='word_1_149' title='bbox 345 4067 374 4118; x_wconf 89' lang='lat' dir='ltr'>ct</span> <span class='ocrx_word' id='word_1_150' title='bbox 398 4056 486 4118; x_wconf 80' lang='lat' dir='ltr'>multi</span> <span class='ocrx_word' id='word_1_151' title='bbox 509 4079 609 4140; x_wconf 83' lang='lat' dir='ltr'>grave</span> <span class='ocrx_word' id='word_1_152' title='bbox 632 4061 757 4140; x_wconf 87' lang='lat' dir='ltr'>pondus</span> <span class='ocrx_word' id='word_1_153' title='bbox 781 4058 871 4134; x_wconf 81' lang='lat' dir='ltr'>atui,</span> 
     </span>
    </p>

    <p class='ocr_par' dir='ltr' id='par_1_10' title="bbox 211 4161 910 4349">
     <span class='ocr_line' id='line_1_36' title="bbox 211 4161 910 4243; baseline 0.001 -20"><span class='ocrx_word' id='word_1_154' title='bbox 211 4161 367 4243; x_wconf 85' lang='lat' dir='ltr'>Quaeque</span> <span class='ocrx_word' id='word_1_155' title='bbox 391 4173 421 4223; x_wconf 90' lang='lat' dir='ltr'>te</span> <span class='ocrx_word' id='word_1_156' title='bbox 445 4165 604 4243; x_wconf 77' lang='lat' dir='ltr'>qrrondam</span> <span class='ocrx_word' id='word_1_157' title='bbox 629 4162 785 4226; x_wconf 88' lang='lat' dir='ltr'>malefida</span> <span class='ocrx_word' id='word_1_158' title='bbox 805 4183 910 4225; x_wconf 88' lang='lat' dir='ltr'>rerum</span> 
     </span>
     <span class='ocr_line' id='line_1_37' title="bbox 297 4265 606 4349; baseline -0.013 -19"><span class='ocrx_word' id='word_1_159' title='bbox 297 4267 409 4330; x_wconf 88' lang='lat' dir='ltr'>Turba</span> <span class='ocrx_word' id='word_1_160' title='bbox 432 4265 606 4349; x_wconf 69' lang='lat' dir='ltr'>relinquen</span> 
     </span>
    </p>
   </div>
   <div class='ocr_carea' id='block_1_7' title="bbox 0 0 1380 4746">
    <p class='ocr_par' dir='ltr' id='par_1_11' title="bbox 0 0 1380 4746">
     <span class='ocr_line' id='line_1_38' title="bbox 0 0 1380 4746; baseline 0 2"><span class='ocrx_word' id='word_1_161' title='bbox 0 0 1380 4746; x_wconf 95' lang='lat' dir='ltr'> </span> 
     </span>
    </p>
   </div>
  </div>
 </body>
</html>
