2782 4762
189 168 251 230 etr

97 362 100 367 -
186 327 293 382 stantis
322 336 351 381 et
375 327 590 400 praecipientis
615 335 646 378 ut
664 331 751 378 matri
767 336 935 398 parcerent,
958 325 1126 394 adulterum
1138 328 1303 402 praullisper

159 421 316 496 'corpore
352 422 406 475 suo
437 421 578 492 protexit.
633 417 700 488 Quo
730 420 904 487 interfecto,
936 419 1082 475 Berenice
1115 431 1144 477 et
1166 433 1305 495 stuprum

186 513 290 568 matris
327 511 411 566 salva
443 514 554 585 pietate
598 510 657 565 ulta
697 521 743 566 est
781 521 811 566 et
853 512 885 566 in
917 513 1110 569 matrimonio
1148 516 1303 571 sortiendo

189 605 332 660 iudicium
350 605 445 676 patris
465 602 599 659 secuta.'’

242 698 302 752 Per
320 697 405 751 *idem
432 706 547 768 tempus
574 696 698 762 (lustin.
716 704 768 763 27,
784 700 818 763 ²1,
834 700 875 763 2.)
896 695 1039 752 Seleucus
1056 698 1095 753 ΙΙ.
1119 698 1300 768 Callinicus,

186 789 328 845 Antiochi
345 789 384 844 Π.
402 787 498 854 filius,
529 806 691 843 novercam
711 788 879 843 Berenicen
896 789 935 843 ΙΙ.
958 789 1123 864 Euergetae
1144 810 1300 858 sororem,

185 893 279 937 matre
294 881 425 937 Laodice
443 883 629 956 instigatrice
646 881 801 952 (Polyaen.
815 888 842 950 8,
858 887 919 949 50.)
937 883 1106 949 interfecit,
1121 903 1209 958 quam
1223 885 1304 939 ultu-

185 993 239 1030 rus
255 974 435 1048 Evergetes,
458 975 506 1049 qui
522 993 548 1027 a.
565 977 629 1030 2¹46.
647 976 725 1046 patri
744 986 947 1042 successerat,
964 977 994 1029 in
1011 975 1130 1048 Syriam
1149 977 1302 1050 profectus

186 1078 247 1134 est;
269 1067 322 1122 sed
339 1065 555 1142 quammultae
574 1067 632 1121 iam
653 1067 791 1122 civitates
810 1068 847 1124 ad
867 1087 934 1122 eum
953 1068 1151 1135 defecissent,
1173 1073 1254 1135 (222)
1271 1071 1303 1125 in

185 1146 532 1234 Aegyptum'domestica
554 1157 699 1214 seditione
713 1171 872 1215 revocatus
891 1171 946 1216 est.
970 1163 1051 1227 (rm)
1067 1161 1144 1216 Tum
1159 1160 1302 1218 Seleucus

185 1255 272 1327 regni
292 1263 395 1327 parte,
430 1270 518 1327 quam
542 1252 699 1318 amiserat,
731 1263 869 1325 recepta,
904 1253 984 1308 ultro
1004 1251 1113 1309 bellum
1132 1254 1302 1310 Ptolemaeo

186 1345 305 1413 intulit,
340 1344 392 1400 sed
413 1345 508 1398 victus
533 1342 648 1416 proelio
669 1345 859 1399 Antiochiam
884 1345 1027 1418 confugit.
1067 1345 1140 1401 Inde
1159 1347 1303 1403 Antiochi

186 1438 343 1504 Hieracis,
381 1435 597 1491 adolescentuli
630 1455 778 1492 annorum
803 1436 886 1492 XIV.
915 1456 1001 1510 opem
1028 1440 1217 1512 imploravit,
1252 1442 1303 1516 qui

187 1532 345 1587 occasione
364 1538 485 1602 arrepta
505 1529 631 1595 auxilia,
655 1547 729 1604 quae
747 1541 843 1585 astute
864 1531 1062 1603 promiserat,
1084 1551 1119 1586 eo
1134 1530 1195 1587 fine
1212 1552 1303 1606 para-

186 1626 246 1690 vit,
267 1633 301 1678 ut
316 1623 440 1678 fratrem
461 1639 554 1693 regno
576 1623 720 1694 privaret.
760 1623 925 1693 Euergetes
947 1634 1059 1690 autem,
1083 1643 1174 1700 quum
1193 1625 1304 1691 Antio-

185 1719 274 1774 chum
298 1717 328 1771 in
357 1714 500 1771 auxilium
520 1713 646 1769 Seleuco
666 1703 770 1770 venire
791 1718 999 1788 cognovisset,
1034 1735 1070 1771 ne
1098 1736 1165 1772 cum
1185 1717 1302 1775 dnolsus

187 1829 249 1865 uno
268 1819 403 1883 tempore
424 1807 597 1875 dimicaret,
632 1809 664 1862 in
693 1826 788 1864 annos
820 1800 922 1864 decem
958 1827 1025 1864 cum
1050 1808 1176 1865 Seleuco
1198 1826 1309 1885 pacem'

186 1903 267 1958 fecit.
307 1902 390 1957 Haec
408 1904 508 1956 omnia
529 1912 612 1974 gesta
629 1901 771 1957 videntur
793 1902 872 1957 intra
896 1920 991 1956 annos
1009 1903 1168 1963 ets-239.
1189 1923 1303 1960 secun-

187 1996 257 2053 dum
277 1993 611 2068 Champollion-Figeae
631 1995 667 2048 T.
683 2002 710 2048 2.
729 2012 759 2068 p.
776 1999 843 2052 591.

235 2088 526 2162 Paulloigiturante,
543 2086 1022 2162 quamEvergetesprimamillam
1032 2098 1136 2143 contra
1146 2087 1304 2144 Seleucum

118 2183 120 2188 '
187 2179 406 2254 expeditionem
431 2190 625 2252 suscepturus
640 2190 735 2247 esset,
756 2179 902 2235 Berenice
917 2180 1022 2254 Magae
1038 2177 1116 2246 filia,
1147 2181 1304 2258 Edeoya'aec

187 2273 268 2330 dicta
285 2272 478 2329 Eratostheni
499 2272 672 2328 Catast.12.
694 2279 736 2338 (ν.
757 2272 919 2328 Buttmann
942 2272 1077 2328 Museum
1099 2271 1152 2328 der
1171 2274 1302 2330 Alterth.

188 2366 283 2423 Wiss.
301 2373 333 2432 2,
359 2376 388 2432 1,
413 2385 443 2438 p.
467 2365 543 2433 tel.)
574 2365 740 2440 Euergetae
762 2365 878 2420 videtur
901 2367 1055 2438 nupsisse,
1083 2377 1159 2421 teste
1181 2367 1304 2439 Hygino

187 2460 366 2515 Astronom.
387 2461 468 2532 poe‘t.
489 2456 557 2513 Lih.
576 2463 603 2511 2.
627 2458 660 2514 C.
682 2459 729 2513 el.
763 2476 821 2533 quo
847 2476 884 2513 ex
909 2457 977 2513 loco
1006 2458 1154 2533 reliquum
1187 2477 1303 2534 quoque

189 2553 333 2607 carminis
355 2560 562 2627 argumentum
577 2550 763 2625 aliquatenus
785 2551 920 2624 expediri
936 2560 1050 2623 potest,
1072 2553 1128 2605 etsi
1148 2553 1228 2606 veris
1251 2551 1305 2607 ad-

188 2645 296 2703 miscet
313 2643 473 2700 fulsissima
494 2643 653 2718 quaedam,
677 2645 707 2697 in
727 2640 787 2698 fine
804 2645 983 2716 praesertim
1002 2645 1206 2710 narrationis,
1228 2662 1304 2719 quae

189 2737 327 2795 consulto
347 2737 624 2811 praetermittimus.
665 2737 774 2805 „Sunt,
797 2737 910 2811 inquit,
932 2737 1000 2790 VII.
1017 2737 1115 2787 stellae
1135 2737 1305 2788 adeundam

188 2832 291 2884 Leonis
309 2837 339 2882 in
363 2831 510 2898 triangulo
529 2831 696 2895 collocatae,
725 2848 794 2899 quas
818 2834 922 2880 crinem
948 2830 1097 2881 Berenices
1124 2848 1182 2881 esse
1208 2831 1305 2882 Conon

188 2925 301 2976 Satn-ius
320 2923 534 2987 mathematicus
554 2932 583 2974 et
600 2921 787 2974 Callimachus
806 2923 892 2982 dictu·
912 2941 994 2991 qutun
1016 2921 1193 2973 Ptolemaeus
1213 2923 1305 2974 Bere-

189 3023 287 3084 nicen,
321 3017 473 3068 Ptolemaei
497 3024 526 3066 et
551 3019 688 3068 Arsinoes
708 3013 805 3085 filiam
828 3019 882 3084 (—
901 3014 1040 3070 videlicet
1060 3014 1229 3071 Berenicen
1247 3016 1301 3071 III.

190 3109 395 3182 Cyrenensem
422 3126 490 3162 cum
522 3107 667 3163 Berenice
690 3107 729 3162 ΙΙ.
758 3108 924 3182 Euergetae
949 3125 1109 3181 germana,
1140 3126 1156 3161 a
1179 3106 1305 3163 Seleuco

189 3202 338 3260 trucidata
353 3200 508 3256 confundit
530 3205 582 3269 ·-)
602 3219 728 3252 sororem
747 3219 842 3266 sitam,
863 3201 991 3251 duxisset
1011 3218 1143 3265 taxarem,
1164 3208 1192 3250 et
1207 3207 1307 3270 parteis

185 3305 252 3371 post
276 3295 371 3346 diebus
392 3297 493 3345 Asiam
513 3303 703 3364 oppugnatum
719 3293 870 3364 profectus
888 3301 976 3361 esset,
1004 3298 1117 3344 vovisse
1136 3292 1305 3357 Berenicen,

189 3397 214 3442 si
237 3394 333 3440 viator
359 3387 535 3439 Ptolemaeus
560 3386 706 3451 rediisset,
737 3405 766 3436 se
795 3386 976 3438 detonsarum
1004 3391 1126 3444 crinem,·
1158 3403 1211 3454 qrto
1236 3393 1305 3436 voto

189 3484 355 3535 damnatam
384 3486 488 3531 crinem
518 3484 548 3529 in
570 3480 691 3532 Veneris
713 3482 850 3530 Arsinoes
869 3478 1064 3550 Zephyritidis
1083 3483 1208 3548 posuisse
1230 3487 1305 3529 tem-

174 3616 176 3620 .
186 3578 254 3649 plo,
283 3592 395 3643 eumque
417 3580 533 3642 postero
555 3561 599 3621 die
618 3588 674 3622 reon
694 3576 899 3641 consparuisse,·
927 3571 1003 3640 qarod
1015 3571 1131 3641 saesnm
1150 3589 1232 3640 qrrrem
1252 3588 1306 3620 rex

190 3687 277 3737 aegre
288 3665 407 3738 ferret,
438 3665 535 3716 Conon
556 3662 770 3714 mathematicus
790 3693 826 3703 -
853 3668 965 3732 cupiens
986 3668 1057 3714 inire
1080 3669 1206 3731 gratiam
1228 3668 1308 3730 regis

191 3762 283 3827 dixit,
304 3765 407 3811 crinem
427 3762 503 3808 inter
523 3757 619 3807 sidera
637 3756 730 3806 videri
749 3756 932 3821 collocatum,
953 3764 981 3806 et
1001 3756 1135 3827 qrtasdam
1160 3773 1267 3805 naerens
1288 3775 1307 3805 a

115 3864 118 3871 “
185 3853 292 3926 figura
308 3861 412 3922 septem
427 3851 527 3902 stellas
546 3849 686 3915 ostendit,
705 3867 774 3918 arras
793 3867 850 3899 esse
863 3848 995 3919 fingeret
1014 3855 1116 3900 crinem
1137 3857 1192 3924 cet.
1278 3894 1285 3901 .

249 3945 330 4019 Ergo
351 3943 566 4007 Callimachus,
587 3942 679 3996 totius
701 3941 830 3995 fortasse
845 3941 992 3996 mendacii
1014 3942 1122 3995 artifex
1143 3942 1185 4012 (t.
1201 3939 1304 3996 Valch.

193 4058 222 4112 p.
241 4037 302 4104 hl.)
320 4045 355 4090 ut
375 4035 565 4090 callidissime
592 4032 714 4109 regibus
739 4035 894 4109 amicoque
922 4034 1040 4090 Cononi
1066 4031 1306 4107 gratificaretur,

193 4150 248 4204 per
260 4130 436 4185 uuiversum
450 4145 571 4182 carmen
583 4145 698 4182 comant
707 4125 990 4205 κατηστερισμένην
1003 4127 1100 4182 vicem
1110 4144 1195 4181 suam
1205 4126 1307 4183 dolere

195 4225 276 4281 facit.
310 4221 358 4277 Ex
374 4238 464 4277 versu
484 4231 581 4276 utitem
603 4229 649 4279 11.
669 4218 776 4276 collato
795 4238 862 4276 cuin
880 4227 927 4276 22.
944 4237 1018 4272 novo
1034 4226 1097 4273 viro
1117 4219 1228 4296 liquet,
1250 4219 1307 4276 suh
