2782 4762
128 326 325 403 Discedunt3
348 337 449 391 totum
472 325 568 402 video
591 324 762 409 perinane
785 325 855 411 geri
876 346 947 389 res:

129 433 278 512 Apparet
300 428 408 492 divdm
432 451 545 493 numen
567 432 720 514 sedesque
742 426 884 514 quietae;

132 533 219 612 Quas
241 553 343 617 neque
366 530 552 595 concutiunt
573 530 680 596 ventei
701 551 760 594 nec
782 528 890 592 nubila
912 528 1028 592 nimbis

130 637 319 719 Aspergunt
340 655 441 719 neque
463 633 519 696 nix
542 634 609 697 acri
632 645 783 700 concreta
805 632 938 716 pruina,

131 737 220 802 Cana
245 740 360 800 cadens
383 735 502 800 violat:
528 758 716 822 semperque
736 734 898 799 innubilus
920 737 1029 799 aether

130 842 262 924 Integer
284 851 315 903 et
336 839 426 923 large
450 839 565 903 diffuso
588 838 704 902 lumine
726 837 824 903 ridet.

132 943 247 1009 Omnia
270 941 451 1025 suppeditat
471 964 576 1025 porro
600 953 712 1004 natura
734 963 835 1027 neque
859 941 922 1005 ulla

131 1049 198 1110 Res
220 1045 316 1108 animi
336 1067 447 1128 pacem
469 1045 587 1109 delibat
607 1056 753 1128 tempore
773 1044 807 1108 in
828 1045 908 1109 ullo.

131 1152 177 1212 At
201 1159 315 1211 contra
337 1169 490 1233 nusquam
512 1158 666 1229 apparent
687 1145 869 1213 Acherusia'
888 1149 1024 1233 templa;

131 1253 203 1315 Nec
225 1250 319 1314 tellus
340 1253 465 1326 obstat,
491 1248 569 1336 quin
591 1249 696 1315 omnia
719 1248 951 1332 despiciantur,

131 1357 199 1418 Sub
221 1352 357 1436 pedibus
378 1373 621 1439 quaequomque
643 1350 728 1416 insra
749 1375 809 1436 per
829 1353 922 1417 inane
945 1363 1111 1439 geruntur.

132 1456 194 1521 His
216 1455 262 1518 ibi
285 1477 333 1518 me
355 1458 451 1518 rebus
473 1458 625 1541 quaedam
649 1454 759 1518 divina
781 1455 930 1540 voluptas

133 1558 281 1642 Percipit
303 1569 397 1643 atque
419 1562 558 1633 horror3
581 1560 670 1642 quod
691 1558 738 1623 sic
760 1569 872 1643 natura
893 1570 947 1622 tua
968 1559 1003 1623 vi

133 1663 214 1724 Tam
238 1661 401 1724 manifesta
422 1671 534 1743 patens
555 1682 596 1722 ex
619 1660 706 1724 omni
726 1673 818 1744 parte
839 1672 1002 1726 retectast.
1049 1709 1054 1718 .

133 1767 177 1827 Et
199 1763 349 1848 quoniam
372 1762 486 1838 docui,
511 1773 694 1826 cunctarum
717 1763 852 1829 exordia
872 1786 980 1827 rerum

135 1867 249 1948 Qualia
271 1865 333 1929 sint
355 1877 386 1930 et
408 1887 501 1951 quam
526 1865 624 1928 variis
648 1866 795 1930 distantia
816 1866 932 1931 formis

134 1974 256 2052 Sponte
279 1991 334 2033 sua
357 1969 493 2041 volitent
513 1980 645 2032 aeterno
667 1968 792 2051 percita
814 1979 918 2046 motu,

136 2075 272 2158 Quoque
294 2074 390 2136 modo
413 2070 539 2152 possint
559 2093 613 2134 res
633 2093 675 2135 ex
695 2070 745 2134 his
768 2093 911 2158 quaeque
935 2072 1057 2137 creari:

134 2179 240 2240 Hasce
263 2177 434 2239 secundum
456 2180 507 2238 r'es
529 2173 624 2237 animi
645 2174 906 2238 natura'videtur

133 2283 241 2365 Atque
263 2277 385 2340 animae
407 2276 556 2340 claranda
578 2276 657 2340 meis
678 2276 740 2339 iam
764 2276 909 2341 versibus
931 2298 1017 2353 esse;

133 2385 178 2445 Et
201 2391 300 2444 metus
322 2379 376 2444 ille
398 2380 488 2444 foras
509 2401 664 2462 praeceps
687 2379 884 2443 Acheruntis
905 2384 1065 2465 agundus,

133 2483 289 2548 Funditus
310 2485 477 2546 humanam
500 2481 556 2567 qui
577 2481 675 2544 vitam
697 2485 806 2544 turbat
827 2485 867 2544 ab
890 2481 973 2560 imo,

134 2586 254 2652 Omnia
273 2588 453 2651 suffundens
475 2583 589 2649 mortis
610 2583 745 2669 nigrore
767 2607 869 2672 neque
893 2587 988 2649 ullam

133 2692 215 2754 Esse
238 2690 434 2772 voluptatem
456 2687 608 2774 liquidam
629 2709 806 2774 puramque
827 2687 992 2776 relinquit.
1042 2681 1046 2687 ’
1209 2695 1250 2754 40

132 2946 156 2976 v.
177 2946 199 2974 c.
215 2930 268 2974 Cic.
283 2931 311 2974 de
324 2929 380 2975 Nat.
393 2931 468 2974 Deor.
482 2927 512 2986 2,
527 2925 569 2974 35.
589 2928 711 2974 dubitasse
729 2931 846 2986 quosdam
864 2929 922 2974 dicit
933 2931 961 2974 de
974 2932 1061 2974 mundo
1069 2962 1076 2986 ‚
1097 2944 1184 2976 casune
1198 2933 1249 2988 ipse

133 3003 166 3046 sit
183 3000 282 3045 effeetus
300 3004 341 3044 aut
358 3002 500 3045 necessitate
519 2999 613 3056 aliqua,
629 3013 660 3044 an
678 2999 777 3044 ratione
795 3013 826 3043 ae
843 3004 923 3045 mente
941 2998 1042 3056 diuina,
1063 3005 1087 3046 et
1098 3014 1145 3059 quo
1159 3001 1249 3047 Lucre·

134 3072 182 3116 tius
198 3071 250 3125 ipse
269 3067 300 3124 2,
322 3066 381 3114 180.
407 3071 477 3115 docet
498 3062 654 3128 nequaquam
676 3069 749 3115 nobie
771 3067 893 3115 divinitus
918 3082 974 3114 esee
998 3075 1109 3116 creatam
1132 3077 1250 3116 mattarum

132 3139 235 3193 mundi,
256 3153 327 3196 quum
341 3139 366 3183 b.
384 3139 401 3183 l.
418 3139 493 3194 accipi
509 3141 645 3196 neutiquam
660 3145 756 3194 posset,
776 3139 862 3185 Lamb.
880 3141 908 3184 de
925 3140 1024 3184 lanoctii
1037 3142 1100 3186 coni.
1117 3142 1196 3187 dedit:
1217 3165 1250 3177 —·

132 3207 202 3254 baud
224 3207 324 3264 divina,
353 3210 415 3266 quod
439 3209 590 3254 retinuerunt
608 3223 683 3267 usque
704 3211 733 3253 ad
752 3210 825 3254 Walr.
865 3209 917 3254 Hoc
941 3211 1035 3266 quidem
1058 3212 1112 3256 loco
1139 3212 1186 3270 legi
1210 3212 1250 3254 rix

132 3284 226 3335 potest:
247 3279 314 3322 ratio
332 3304 344 3327 ·,
361 3304 371 3313 -
389 3285 489 3334 coorta,
510 3285 535 3324 ut
554 3277 584 3334 4,
605 3277 664 3324 484.
684 3281 750 3323 ratio
766 3279 797 3323 ub
809 3279 925 3323 sensibus
937 3285 1012 3334 ortu,
1033 3276 1063 3335 5,
1078 3277 1137 3326 336.
1158 3285 1250 3326 natura

132 3349 195 3394 base
213 3362 299 3392 rerum
317 3348 430 3407 ratioque
444 3354 544 3407 reperta
556 3356 594 3395 eat
605 3362 694 3406 nuper.
732 3346 774 3394 21.
795 3349 834 3393 Sic
850 3348 878 3393 C.
893 3348 1007 3394 Cantabr.
1020 3350 1097 3395 lunia.
1109 3351 1164 3395 Ald.
1176 3348 1202 3396 2.
1218 3371 1248 3382 -

132 3421 194 3464 liar.
213 3431 312 3474 semper
329 3418 458 3463 innubilus
478 3416 562 3463 aether
581 3433 635 3463 cum
649 3419 703 3463 aliis
722 3418 781 3463 Cdd.
796 3417 871 3464 Forb.
903 3420 994 3463 Verum
1011 3421 1070 3465 adeo
1086 3434 1157 3477 saepe
1175 3435 1250 3480 quea

133 3490 194 3534 Cdd.
211 3489 313 3544 excidit,
342 3492 367 3532 ut
383 3489 459 3533 nolim
479 3493 607 3544 propterea
624 3489 745 3533 licentiam
758 3489 883 3532 metricam
897 3489 1060 3535 introducere.
1091 3498 1124 3524 -“
1152 3504 1251 3548 semper

131 3561 159 3604 in
177 3557 285 3603 nubibus
304 3571 343 3603 ns.
360 3557 391 3603 F..
407 3559 455 3602 Alii
472 3559 532 3607 Cdd.
561 3559 612 3603 Hoc
626 3563 761 3604 correctum
776 3557 806 3601 ab
823 3560 867 3603 Ar.
888 3563 912 3603 et
928 3559 989 3604 Pio:
1014 3572 1113 3618 seraper
1131 3561 1186 3604 aine
1204 3574 1250 3604 nu·

133 3627 206 3673 bibus
224 3641 281 3683 aa,
311 3629 391 3686 sicque
417 3629 491 3676 Wak.
516 3627 570 3674 Cir.
596 3628 686 3683 Odyss.
700 3626 731 3682 6,
750 3624 792 3672 44.
820 3620 895 3676 ἀλλὰ
912 3622 980 3691 μάλ’
996 3623 1087 3698 αἴθρη
1106 3628 1263 3679 πέπταται“

132 3693 294 3760 ἀνέφελος,
318 3692 407 3762 λευκὴ
425 3695 449 3746 d'
467 3695 655 3768 ἐπιδέδρομεν
672 3691 770 3762 αἴγλη.
825 3695 867 3742 22.
887 3696 953 3742 ridet
970 3698 999 3743 G.
1019 3698 1050 3745 E.
1071 3700 1101 3744 Α.
1121 3700 1151 3744 Η.
1171 3700 1251 3760 (riget

132 3768 214 3823 Brix.)
233 3791 266 3802 -
284 3766 347 3812 ridit
358 3770 417 3813 Ver.
431 3770 493 3813 Ven.
505 3769 547 3813 W.
602 3765 645 3812 24.
663 3764 815 3811 delibratis.
835 3780 865 3812 ex
886 3769 959 3812 solito
979 3782 1024 3813 sno
1049 3783 1133 3814 errore
1158 3770 1183 3813 iu
1204 3770 1250 3814 hoc

132 3838 218 3883 verbo.
273 3835 316 3883 26.
336 3836 525 3895 despiciantur,
554 3839 616 3895 qnod
634 3838 679 3882 hoc
697 3841 750 3883 loco
768 3841 834 3882 reete
852 3851 878 3881 se
896 3837 982 3894 babet,
1003 3840 1115 3896 quoniam
1135 3853 1164 3884 ex
1182 3843 1248 3894 alto,

132 3922 193 3966 qnae
211 3907 318 3952 subiecta
335 3909 405 3953 nobis
424 3913 492 3963 sunt,
520 3907 687 3967 despicimus,
713 3906 828 3963 praebent
851 3908 924 3952 etiam
942 3909 989 3953 mei
1008 3909 1038 3952 C.
1057 3910 1087 3954 E.
1108 3909 1169 3954 Edd.
1190 3915 1248 3958 vett.

131 3980 188 4023 Ald.
208 4001 242 4011 -
262 3975 562 4035 dispicianturII.L.ll.
600 3976 643 4022 28.
662 3978 698 4022 ibi
707 3977 785 4022 Gron.
797 3979 871 4022 Walt.
880 3979 943 4022 coni.
962 4001 996 4012 —-
1015 3978 1145 4024 ubiCodd.
1158 3978 1249 4038 (dn.)

112 4105 118 4113 ἡ
132 4049 195 4093 Edd.
206 4052 266 4092 vett.
279 4069 309 4080 -
321 4047 366 4092 tibi
378 4049 407 4093 L.
418 4049 448 4093 Η.
486 4045 528 4094 30.
546 4054 615 4106 patet
626 4039 636 4084 ’-
649 4075 659 4084 -
672 4054 764 4092 retecta
777 4048 807 4092 L.
819 4048 849 4092 ll.
888 4044 929 4091 33.
944 4047 1059 4107 Plerique
1073 4050 1129 4095 libri
1142 4051 1249 4095 alterno.

133 4115 176 4164 39.
197 4118 229 4163 Ε.
246 4122 270 4162 et
285 4119 346 4163 Edd.
363 4124 420 4163 vett.
440 4116 603 4180 suffundens,
624 4121 684 4164 unde
705 4132 734 4163 ex
749 4120 823 4166 Wak.
839 4118 902 4162 coni.
917 4117 1008 4163 Eichst.
1028 4117 1188 4182 suffusaque,
1208 4121 1250 4164 sed

132 4188 271 4244 praestabat
286 4189 346 4234 Cod.
364 4189 393 4234 C.
410 4194 435 4235 et
446 4189 575 4234 branciam
591 4203 644 4234 cum
659 4188 758 4246 reliquis
772 4189 834 4233 Edd.
846 4188 928 4246 sequi,
948 4185 1095 4250 suffundens
1105 4191 1249 4235 scribentem

133 4263 158 4303 ut
175 4256 204 4314 ⁶,
223 4256 283 4305 479.
303 4256 495 4320 suffunduntque
513 4273 560 4305 aue
578 4260 674 4306 caelum
691 4258 813 4320 caligine.
