2782 4762
89 336 236 402 Dedatur
256 333 374 419 cupido
395 332 576 398 iamdudum
595 341 693 415 nupta
716 328 847 393 marito.

94 439 227 504 Currite
249 440 402 502 ducentes
422 435 618 511 subtemina,
641 433 781 508 currite,
805 429 882 494 iusi.

155 542 234 606 Non
255 540 343 603 illam
363 537 473 602 nutrix
493 537 612 604 orienti
632 537 703 600 luce
726 533 886 609 revisens,

91 647 255 711 Hesterno
278 643 398 708 collum
419 640 542 725 poterit
565 640 765 704 circumdare
786 638 858 703 filo.

92 746 227 815 Currite
250 748 401 815 ducentes
421 742 615 820 subtemina,
640 741 776 818 currite,
798 741 876 805 fusi.

155 849 264 914 Anxia
283 871 343 913 nec
365 859 465 912 mater
489 845 650 911 discordis
672 855 788 908 maesta
811 843 935 927 puellae

92 951 245 1016 Secubitu
269 972 364 1014 caros
387 948 490 1013 mittet
511 969 643 1031 sperare
663 959 811 1030 nepotes.

95 1053 227 1121 Currite
245 1055 396 1117 ducentes
417 1049 610 1127 subtemina,
634 1050 771 1126 currite,
795 1049 893 1114 lusi.”

158 1155 250 1220 Talia
271 1155 453 1239 praefantes
471 1156 631 1241 quondam
653 1151 759 1216 felicia
782 1152 877 1218 Pelei

96 1258 246 1324 Carmina
269 1257 380 1322 divino
404 1257 589 1321 cecinerunt
609 1265 743 1339 pectore
765 1258 903 1321 Parcae.

95 1364 286 1427 Praesentes
308 1382 443 1445 namque
465 1371 537 1423 ante
559 1363 674 1424 domos
692 1357 832 1423 invisere
853 1372 954 1424 castas

94 1467 241 1529 Heroum
265 1474 296 1528 ct
318 1484 386 1527 sese
409 1462 540 1527 mortali
561 1464 729 1526 ostendere
750 1474 845 1526 coetu

96 1566 282 1633 Caelicolae
302 1569 443 1631 nondum
466 1576 574 1649 spreta
595 1564 713 1647 pietate
736 1565 896 1629 solebant.

95 1673 198 1754 Saepe
217 1681 311 1754 pater
331 1669 442 1734 divom
463 1666 585 1751 templo
607 1668 640 1730 in
664 1667 808 1752 fulgente
827 1667 988 1745 revisens,

95 1776 211 1839 Annua
231 1795 330 1860 quom
353 1772 443 1837 festis
467 1770 626 1836 venissent
647 1792 739 1834 sacra
762 1771 889 1848 diebus,

98 1876 280 1960 Conspexit
300 1888 387 1939 terra
409 1886 534 1939 centum
556 1896 754 1956 procurrere
777 1897 903 1938 currus.

97 1982 200 2062 Saepe
221 2000 324 2064 vagus
344 1978 448 2042 Liber
468 1975 620 2041 Parnassi
639 1977 761 2041 vertice
784 1998 907 2042 summo

97 2082 264 2163 Thyiadas
286 2081 394 2145 effusis
417 2080 538 2144 euantis
560 2079 703 2143 crinibus
726 2080 810 2165 egit:

97 2186 204 2266 Quom
228 2183 350 2266 Delphi
371 2195 439 2247 tota
462 2182 611 2247 certatim
628 2206 670 2245 ex
691 2187 771 2246 urbe
794 2194 920 2246 ruentes

96 2287 295 2370 Acciperent
315 2284 389 2350 laeti
410 2286 519 2350 divom
542 2285 738 2349 scrutantibus
761 2286 838 2350 aris.

99 2392 201 2472 Saepe
220 2389 252 2453 iu
276 2388 405 2453 letifero
427 2388 503 2453 belli
525 2388 697 2453 certamine
717 2390 858 2452 Mavors

98 2495 165 2558 Aut
186 2492 291 2574 rapidi
315 2491 463 2556 Tritonis
486 2493 565 2556 hera
587 2503 639 2555 aut
663 2492 858 2556 Rhamnusia
883 2492 978 2577 virgo

97 2598 249 2660 Armatae
268 2594 430 2659 hominum
449 2607 496 2659 est
514 2616 665 2678 praesens
687 2597 814 2658 hortata
839 2607 997 2659 catervas.

99 2701 163 2763 Sed
180 2708 351 2782 postquam
373 2697 467 2761 tellus
488 2697 609 2761 scelere
632 2709 679 2761 est
702 2696 822 2761 imbuta
846 2698 984 2763 nefando

96 2882 158 2928 Eam
174 2883 259 2927 reiecit
276 2886 300 2926 et
316 2884 367 2926 Ast.
387 2881 480 2937 (diuiso
492 2905 502 2918 ·
515 2906 526 2918 ·
535 2881 633 2938 pectine
646 2883 720 2927 Voss.
735 2883 752 2926 i.
769 2896 791 2926 e.
811 2883 899 2936 partito
918 2879 1025 2939 labore.)
1062 2878 1120 2927 387.
1142 2881 1218 2927 Codd.

98 2950 197 2997 Herone
214 2955 250 2997 rel
270 2949 367 2997 Nereus
384 2949 431 3008 (sic
447 2952 491 2996 Ed.
506 2952 556 3007 pr.)
576 2957 599 2995 ut
617 2965 640 2995 v.
655 2949 697 2996 23.
716 2953 826 3009 quidam:
846 2949 942 2996 Nereos
955 2953 1056 2997 salvete.
1083 2953 1142 2996 llinc
1158 2953 1220 3010 Sigi-

99 3025 173 3068 cellos
192 3037 232 3078 ap.
251 3024 311 3068 Stat.
332 3020 442 3066 Heroum
459 3023 523 3066 coni.
545 3045 576 3054 -
595 3020 704 3078 Saepius
718 3022 790 3066 Aldd.
805 3022 879 3066 Doer.
892 3021 980 3080 Ging.,
996 3025 1037 3066 sed
1050 3021 1152 3076 sufficit,
1169 3023 1220 3077 opi·

98 3107 159 3147 nor,
180 3098 217 3137 ter
231 3093 359 3147 repetitum
375 3106 450 3148 coepe
470 3107 492 3137 v.
508 3088 572 3146 389,
591 3088 655 3145 392,
674 3088 733 3137 396.
789 3088 848 3136 389.
873 3092 992 3135 renidens
1008 3093 1092 3147 Subl.‚
1113 3093 1153 3136 sed
1173 3092 1219 3136 cir.

98 3163 197 3210 Lucret.
212 3160 242 3216 2,
258 3159 316 3207 359.
336 3162 436 3215 (rucco)
454 3161 545 3205 crebro
563 3160 705 3205 revisitari
722 3161 857 3206 stabulum.
913 3159 971 3207 390.
992 3176 1064 3220 quom
1079 3162 1140 3206 Edd.
1161 3167 1220 3207 vett.

98 3233 197 3277 Walsef.
215 3235 244 3275 nd
265 3232 339 3280 Lucr.
358 3231 387 3285 2,
406 3229 465 3276 259.
486 3234 560 3276 Doer.
575 3233 628 3278 Sili.
657 3255 691 3265 -·
718 3231 777 3276 durn
793 3246 846 3276 eum
862 3234 949 3290 Vulgg.
965 3231 1064 3277 Lachm.
1114 3230 1173 3277 391.
1195 3233 1220 3277 lu

99 3304 176 3347 Codd.
201 3302 322 3346 nonnullis
344 3306 367 3345 et
386 3302 453 3345 Subl.
475 3304 513 3346 ed.
534 3298 631 3344 Cretdm
650 3314 694 3356 pro
718 3308 832 3356 centulam·
860 3307 909 3346 tum
929 3303 1113 3360 procumbere,·
1141 3302 1220 3359 (quod

100 3373 164 3417 dedit
177 3371 288 3426 Lachm.)
323 3372 369 3416 Sed
393 3372 438 3415 hoc
457 3377 521 3417 esset
544 3372 587 3425 „iu
608 3376 697 3414 terram
716 3371 860 3427 procidere''
880 3373 939 3416 satis
959 3369 1019 3415 rraird
1038 3369 1167 3417 sententid.
1186 3391 1221 3406 ι-

99 3450 187 3487 tauros
208 3443 278 3486 ltali:
306 3440 392 3498 quibus
418 3442 441 3484 in
468 3446 572 3486 mentem
590 3446 689 3485 venerat
707 3442 867 3500 Virgilianum
885 3444 958 3487 illud:
990 3441 1133 3487 Procumbit
1151 3439 1221 3484 diurni

99 3513 153 3556 boa.
174 3512 271 3560 Wakcf.
289 3511 317 3554 ad
334 3512 407 3554 Lucu.
425 3508 456 3567 2,
475 3509 535 3556 259.
555 3507 693 3567 Conspexit
717 3508 791 3556 Cretd
814 3518 911 3556 centum
932 3525 1099 3568 prorumpere
1118 3525 1220 3555 currus.

101 3583 169 3639 Quod
188 3584 217 3626 ad
237 3583 304 3638 prius
324 3586 442 3625 tcutamen
461 3582 558 3639 attinet,
578 3585 648 3624 terro
666 3595 722 3625 sane
742 3585 866 3626 admodum
886 3584 997 3640 larrguet,
1019 3584 1059 3625 sed
1079 3596 1122 3625 nec
1135 3596 1221 3625 nomen

101 3653 239 3708 proprium,
260 3652 322 3708 quod
341 3651 471 3695 arbitratus
490 3656 527 3695 est
544 3652 599 3704 illc,
626 3651 785 3696 desiderator.
824 3653 899 3695 humo
918 3653 996 3706 possis
1015 3653 1147 3708 suspicari:
1168 3665 1223 3694 cre-

100 3729 152 3766 tum
176 3727 183 3772 (
192 3724 209 3766 i.
224 3737 248 3766 e.
265 3722 294 3764 ad
309 3721 415 3773 calcem)
439 3727 547 3766 centurn.
571 3719 726 3765 Procurrere
750 3735 843 3766 currus
872 3722 1046 3766 sollicitandum
1074 3723 1136 3766 haud
1160 3726 1221 3769 erat.

100 3794 156 3836 Val.
171 3793 252 3836 Flacc.
269 3789 298 3845 6,
318 3787 377 3836 697.
397 3787 487 3848 inserto
501 3791 633 3847 procurrit
650 3791 677 3835 in
696 3793 801 3851 ogminu
819 3804 915 3845 curru;
934 3793 1019 3837 crebra
1038 3793 1150 3848 repetitio
1170 3794 1222 3837 lite·

100 3877 183 3907 rarum
209 3876 232 3906 e.
254 3867 318 3905 etr.
345 3866 453 3905 rotarum
478 3863 603 3916 strepitum
628 3863 802 3917 quodanuuodo
827 3862 916 3915 refert,
946 3867 970 3904 ut
993 3863 1044 3908 fere
1068 3863 1139 3907 Ennii
1164 3865 1222 3907 illud

101 3948 126 3989 p.
142 3930 199 3978 129.
218 3933 358 3975 tumultum:
379 3928 471 3989 Africo
489 3930 600 3975 terribili
617 3931 701 3974 tremit
719 3929 824 3976 horrido
841 3937 911 3974 terru
929 3934 1044 3976 taunultn.
1083 3930 1142 3979 395.
1163 3933 1225 3977 loeti

100 4030 110 4039 ·
129 4029 139 4040 ·
157 4000 333 4059 spumantibus
346 4003 419 4045 Voss.
459 3999 517 4047 397.
538 4001 648 4045 Minerva
661 4002 769 4046 Tritonis
784 4005 849 4045 lacus
863 4003 969 4046 donnino.
984 4024 1013 4033 -
1033 4000 1223 4073 Μαραξώνος

99 4069 131 4122 δὲ
150 4068 291 4132 σταδίους
309 4065 439 4134 μάλιστα
456 4065 602 4135 ἑξήκοντα
620 4065 723 4130 ἀπέχει
732 4063 881 4134 Ῥαμνοῦς
899 4064 954 4134 τὴν
972 4067 1051 4142 παρὰ
1068 4070 1225 4121 θάλασσαν

101 4139 200 4192 ἰοῦσιν
218 4138 249 4202 ἐς
265 4135 397 4209 Ὠρωπόν
415 4167 448 4176 -
466 4136 576 4211 μικρὸν
593 4137 624 4190 δὲ
642 4133 701 4190 ἀπὸ
720 4137 876 4204 θαλάσσης
893 4132 955 4190 ἅνω
968 4140 1124 4205 Νεμέσεως
1142 4139 1224 4191 ἐστὶν

100 4208 197 4283 ἱερόν,
227 4205 248 4275 ἢ
275 4207 350 4327 {pedu
383 4208 513 4275 μάλιστα
537 4204 706 4282 ἀνθρώποις
727 4207 884 4282 ὑβρισταῖς
905 4207 987 4262 ἐστιν
1012 4205 1222 4282 ἀπαραίτητος.

99 4284 177 4329 Paua.
192 4283 263 4329 artic.
321 4280 368 4338 ,2.
