2782 4762
153 189 209 278 aa,

156 350 311 436 Quaeque
330 345 401 432 geri
420 343 564 430 possint,
587 344 776 430 praesertim
798 349 895 413 rebus
916 345 949 410 in
970 345 1061 424 ollis,

155 454 246 536 Quae
264 473 362 535 supra
382 460 477 532 caput
497 449 647 514 aetheriis
666 460 839 519 cernuntur
858 449 891 513 in
913 449 999 527 oris,

155 559 282 626 Rursus
298 554 332 618 in
356 552 500 639 antiquas
519 552 704 616 referuntur
725 551 900 636 religiones

157 661 202 724 Et
224 657 372 724 dominos
392 654 494 719 aereis
513 653 688 731 asciscunt,
712 654 819 719 omnia
837 677 933 739 posse

153 763 245 845 Quos
265 757 391 824 miserei
409 761 559 834 eredunt;
583 755 709 841 ignarei
731 757 808 843 quid
827 770 922 844 queat
942 781 1029 837 esse,

155 865 245 948 Quid
262 873 416 948 nequeat;
438 859 529 924 finita
547 870 690 942 potestas
710 859 846 946 denique
869 862 1012 948 quoique

152 968 297 1050 Quanam
318 965 359 1029 sit
382 963 507 1028 ratione
528 974 622 1048 atque
645 962 707 1025 alte
728 962 880 1026 terminus
902 967 1055 1029 haerens:

151 1072 227 1153 Quo
248 1067 350 1152 magis
372 1076 515 1130 errantes
537 1087 632 1128 caeca
655 1063 780 1129 ratione
800 1066 959 1130 feruutur.

214 1174 305 1255 Quae
326 1168 387 1233 nisi
408 1167 533 1251 respuis
554 1189 596 1230 ex
618 1167 723 1232 animo
746 1169 908 1254 longeque
928 1169 1080 1246 remittis,

148 1277 211 1342 Dis
233 1274 364 1360 indigua
384 1282 498 1355 putare
524 1270 690 1356 alienaque
712 1271 800 1353 pacis
821 1293 952 1348 eorum;

149 1376 303 1445 Delibata
327 1379 420 1438 debui
443 1396 502 1457 per
520 1384 551 1436 te
574 1372 634 1437 tibi
655 1373 781 1436 nuiuina
801 1388 909 1438 saneta

150 1484 254 1564 Saepe
276 1483 433 1552 oberunt3
457 1498 542 1551 nou,
566 1498 631 1561 quo
656 1477 775 1540 violari
795 1500 915 1541 summa
935 1482 1027 1542 deum
1052 1479 1103 1542 vis·

150 1582 278 1659 Possit,
301 1592 336 1643 ut
355 1602 397 1643 ex
419 1578 468 1642 ira
490 1600 610 1661 poenas
629 1589 738 1661 petere
759 1579 893 1643 imbibat
912 1581 1033 1656 aereis;

148 1689 213 1752 Sed
232 1685 305 1771 quia
323 1695 389 1746 tute
411 1681 471 1745 tibi
489 1681 615 1764 placida
634 1705 703 1744 euni
723 1704 802 1765 paee
825 1684 951 1769 quietos

148 1789 334 1856 Constitues
358 1806 491 1870 magnos
512 1783 633 1847 irarum
657 1786 791 1850 volvere
812 1787 946 1863 fluetus;
971 1817 972 1820 ¹

144 1895 217 1958 Nee
238 1892 371 1956 delubra
394 1893 486 1951 deum
508 1887 636 1970 placido
660 1910 730 1950 eum
753 1901 886 1972 pectore
910 1890 1030 1968 adibis,

145 1997 233 2072 Nee,
258 1998 296 2057 de
319 2012 461 2075 corpore
483 2013 566 2076 quae
588 2001 699 2054 sancto
722 1990 892 2056 simulacra
914 1994 1061 2058 feruntur

145 2099 186 2162 In
209 2095 341 2162 menteis
363 2079 526 2158 hominurn
551 2092 676 2156 divinae
696 2093 804 2156 nuntia
823 2095 967 2173 formae,

145 2199 317 2283 Suscipere
339 2201 419 2261 haee
441 2195 537 2259 animi
557 2195 731 2280 tranquilla
753 2218 832 2279 paee
853 2199 987 2263 valebis.

208 2304 289 2366 In'de
311 2301 420 2364 videre
440 2298 532 2375 lieet,
556 2297 659 2383 qualis
678 2297 741 2361 iam
762 2299 827 2363 vita
851 2315 1019 2386 sequatur3

144 2406 248 2488 Quam
266 2403 394 2491 quidem
412 2414 446 2466 ut
465 2425 482 2464 a
504 2400 599 2465 nobis
621 2399 706 2465 ratio
728 2403 901 2467 verissume
924 2407 1022 2492 longe

143 2508 301 2584 Reiieiat,
324 2527 516 2592 quamquain
537 2515 609 2567 suut
630 2525 649 2566 a
672 2526 721 2567 me
744 2506 841 2568 multa
863 2509 1031 2591 profecta,

145 2611 255 2676 Multa
277 2621 381 2672 tamen
402 2619 523 2672 restant
544 2619 576 2672 et
597 2619 668 2670 sunt
690 2612 832 2672 ornanda
854 2610 966 2694 politis

195 2820 238 2869 64.
257 2821 362 2866 auseris
375 2821 451 2866 Codd.
466 2817 491 2864 3.
506 2819 587 2875 (etiem
602 2819 723 2874 C.)Bri1.
737 2824 797 2866 Ver.
811 2824 873 2866 Ven.
887 2825 930 2868 W.
947 2830 1031 2869 contra
1044 2827 1088 2871 Cd.
1100 2827 1131 2872 E.
1170 2826 1211 2874 67.
1224 2831 1261 2874 lte

138 2893 216 2939 coes.
230 2894 338 2949 plerique
351 2887 524 2948 (aetarnae.)
538 2891 597 2935 Edd.
613 2891 717 2936 vetetis.
734 2915 764 2926 ·—
781 2895 943 2937 toleratione
956 2895 986 2939 Α.
1002 2896 1031 2940 Ι..
1048 2894 1071 2940 l.
1087 2897 1136 2941 Gif.
1158 2923 1191 2932 -
1210 2905 1261 2944 tota

138 2964 244 3023 regione
265 2962 295 3007 1..
316 2959 341 3006 2.
364 2961 394 3007 ll.
415 2984 448 2994 -
465 2965 516 3004 totu
535 2975 551 3003 α
566 2961 664 3016 ratione
680 2966 705 3004 ut
723 2959 753 3016 5,
778 2959 819 3006 23.
842 2964 921 3008 Bentl.
978 2962 1019 3014 69.
1046 2967 1159 3023 putando
1176 2969 1205 3014 L.
1227 2970 1258 3015 ll.

141 3030 184 3078 76.
203 3031 329 3076 delidrutu
346 3030 376 3075 1..
432 3027 474 3076 71.
493 3029 597 3074 oderunt
610 3032 652 3076 W.
665 3033 728 3076 roni.
749 3055 782 3066 ·-
801 3032 907 3078 oderunt
920 3034 996 3080 Codd.
1011 3035 1052 3094 (C.
1068 3037 1109 3090 Ε.)
1124 3038 1184 3083 Edd.
1200 3044 1257 3084 veit.

137 3125 172 3139 .-
189 3101 299 3146 ederunt
316 3100 361 3145 Ae.
382 3100 413 3143 il.
432 3098 556 3154 „oderunt
572 3101 589 3143 i.
609 3115 631 3145 e.
652 3101 683 3144 ob
702 3115 729 3145 os
750 3102 792 3146 tibi
812 3108 881 3147 erunt
900 3109 924 3148 et
944 3108 1011 3161 quasi
1029 3107 1166 3151 minitantia
1181 3109 1259 3158 vultus

136 3185 223 3217 surus
241 3186 256 3215 e
273 3171 334 3214 eaeli
352 3169 492 3228 regionibns
510 3171 661 3215 ostendent.'’
685 3171 758 3215 wat.
795 3173 910 3217 Ceterum
928 3173 1039 3219 delibuta
1058 3191 1104 3220 non
1123 3177 1257 3236 signifieat,

136 3241 271 3296 reputavit
289 3239 421 3284 Knebelins
438 3236 632 3298 (geectmolerr)
651 3242 809 3295 „iinininutu,
830 3244 953 3297 violata'',
982 3248 1023 3289 sed
1043 3248 1166 3301 proprium
1184 3248 1259 3307 signi·

133 3301 288 3356 insumite
306 3323 399 3368 qnoque
417 3310 519 3363 retinet,
544 3309 663 3364 „hausta‚
689 3313 826 3366 decerpta.”
881 3310 922 3357 73.
953 3316 1049 3372 quietos
1069 3317 1100 3361 A.
1120 3303 1148 3361 L.
1173 3316 1202 3362 ll.
1223 3341 1258 3352 —-

133 3381 233 3442 quietae
248 3380 325 3424 Codd.
340 3379 401 3422 Edu.
416 3383 473 3423 vett.
488 3378 532 3422 Ae.
548 3379 589 3423 W.
601 3379 712 3436 Eiebst.,
731 3383 772 3423 sed
788 3381 833 3425 eie.
848 3379 877 3435 5,
896 3380 954 3428 169.
1012 3383 1053 3429 76.
1065 3383 1190 3443 seruntur
1210 3402 1256 3432 nou

133 3455 172 3498 eet
184 3451 262 3505 lueee,
283 3454 309 3493 ut
327 3450 368 3495 W.
385 3449 542 3504 opinabatur,
562 3449 599 3492 Pii
618 3451 636 3497 i.
655 3464 678 3494 e.
697 3449 795 3494 Aeaneii
811 3453 959 3508 emendatio,
981 3456 1022 3498 sed
1036 3457 1108 3499 lertio
1122 3457 1167 3500 Ed.
1186 3457 1261 3513 Brix.

131 3519 250 3576 (An-fl.)
269 3533 341 3577 quem
360 3519 517 3563 restituimus.
539 3542 572 3552 -
590 3520 650 3562 Ver.
670 3520 748 3565 Ven..
762 3517 869 3577 seruent,
891 3534 920 3566 ex
944 3526 1077 3579 scripturae
1096 3529 1254 3581 compendio,

133 3593 288 3648 quodquam
312 3594 391 3634 metro
416 3602 551 3648 repugnare
570 3589 692 3648 viderent,
722 3596 890 3643 perverterunt
914 3595 937 3637 iu
954 3591 1064 3651 suerunt
1082 3595 1111 3639 C.
1131 3597 1165 3645 Ε,
1183 3597 1256 3641 Viud.

130 3662 174 3706 W.
182 3661 274 3706 Eiehst.
294 3660 341 3704 Sed
348 3655 474 3718 serrantur
486 3659 545 3703 satis
558 3659 692 3702 defenditur
704 3664 728 3703 et
739 3659 845 3707 Lucretii
860 3676 927 3708 more
940 3660 975 3722 (i,
989 3662 1046 3718 177,
1062 3661 1122 3718 260,
1135 3663 1183 3711 328
1195 3667 1254 3720 eet.)

130 3735 156 3775 et
167 3734 294 3775 subiuueto
306 3730 335 3773 e'u
344 3729 465 3783 mentee'e,
486 3728 509 3772 in
522 3742 584 3785 quo,
604 3730 680 3772 altera
691 3729 792 3774 lectione
805 3737 914 3786 recepta,
928 3735 1017 3777 misere
1033 3747 1086 3778 sese
1103 3741 1200 3794 torquet
1209 3737 1252 3781 W.

130 3797 175 3845 81.
190 3795 308 3858 prosecta
325 3813 381 3844 enen
393 3798 454 3842 Cdd.
474 3795 559 3854 (etiam
568 3798 597 3842 C.
612 3798 654 3853 t.)
672 3799 715 3842 W.
737 3823 768 3833 -
783 3799 888 3857 presule
906 3803 934 3846 de
953 3804 1035 3847 durati
1055 3805 1117 3849 coni.
1139 3806 1167 3849 L.
1191 3807 1251 3850 flav.

130 3865 173 3915 8³.
194 3871 229 3914 lta
241 3884 296 3914 euin
311 3870 366 3914 eliis
379 3869 439 3913 Cdd.
454 3869 527 3912 etiam
538 3881 605 3911 meus
618 3867 648 3912 C.
675 3869 722 3912 Sed
735 3869 796 3913 Edd.
812 3876 867 3915 vett.
879 3872 924 3916 lle.
935 3872 964 3917 L.
977 3873 1006 3917 ll.
1027 3875 1093 3918 ratio
1112 3876 1178 3920 coeli
1195 3889 1252 3932 epe-

129 3939 230 3998 ee‘eeque
247 3939 365 3987 tenenda.
394 3938 460 3983 Unde
479 3938 539 3982 haee
563 3938 690 3982 diuersitas
708 3942 815 3993 venerit,
843 3943 1064 3997 paterenus..
1093 3945 1132 4002 qui
1152 3958 1249 3990 inertes:

128 4009 196 4054 reete
213 4010 326 4068 caelique
350 4006 465 4054 tenenda.
497 4008 637 4052 Huiusmodi
657 4009 775 4053 defectum
794 4013 963 4065 suppleverunt
980 4013 1073 4058 intruso
1093 4029 1115 4059 v.
1136 4016 1249 4072 speeies,

128 4079 216 4136 quibus
235 4080 314 4124 editus
331 4081 362 4123 ed
380 4079 525 4136 integriores
544 4077 620 4122 libros
639 4091 697 4132 eos,
718 4080 758 4136 qui
776 4077 896 4136 euperdm
915 4088 1057 4138 servarunt,
1078 4099 1124 4128 non
1144 4085 1250 4141 putebat.

126 4168 162 4184 ···
172 4162 268 4208 erepere
280 4153 361 4194 eutem
372 4149 398 4194 h.
409 4149 427 4193 Ι.
441 4161 481 4192 res
492 4145 612 4203 superae,
627 4149 758 4208 caelestes:
774 4154 800 4192 ut
811 4149 864 4194 Cir.
879 4151 913 4214 N..
924 4153 953 4196 D.
969 4149 999 4208 2,
1016 4150 1039 4215 .⁶·
1059 4156 1144 4198 ornatu
1156 4168 1251 4214 rupere

126 4220 312 4266 ueemelioro.
367 4216 410 4264 85.
430 4231 539 4278 quaeque
552 4218 582 4276 L.
596 4218 626 4275 il.
681 4215 724 4264 87.
743 4221 898 4277 (provenerit
913 4222 956 4267 W.
975 4222 1052 4278 coni.)
1107 4222 1149 4271 92.
1169 4227 1250 4271 culcis

125 4287 256 4350 Egregium
273 4289 335 4337 bene
354 4287 463 4336 Turnebi
479 4288 544 4334 roni.
558 4302 611 4333 euin
626 4287 656 4333 L.
670 4288 702 4333 ll.
715 4289 860 4346 recepimus.
878 4292 954 4338 Codd.
972 4294 1066 4350 cuncti,
1086 4296 1157 4340 etiem
1172 4295 1202 4340 (i.
1216 4295 1247 4340 Ε.
