2782 4762
326 937 368 1013 c.
403 936 655 1056 vnnunn
695 936 958 1015 annuum

184 1121 566 1188 EPITHALAMIUM
591 1121 733 1187 PELEl
756 1122 818 1186 ET
842 1120 1096 1187 THETIDOS.

543 1311 748 1325 n*—

144 1502 277 1568 Peliaco
297 1507 459 1590 quondam
477 1515 657 1588 prognatae
679 1502 800 1569 vertice
821 1503 915 1587 pinus

78 1605 240 1674 Dicuntur
260 1606 399 1692 liquidas
416 1607 560 1691 Neptuni
578 1629 668 1671 nasse
689 1631 749 1690 per
769 1611 868 1671 undas

79 1709 241 1776 Phasidos
259 1713 299 1774 ad
322 1711 437 1774 fluctus
454 1721 486 1773 et
506 1709 580 1774 finis
598 1712 779 1775 Aeetaeos:

80 1815 187 1896 Quom
210 1813 286 1878 lecti
308 1813 456 1889 iuvenes,
479 1814 625 1898 Argivae
648 1816 772 1877 robora
791 1811 903 1897 pubis,

78 1918 235 1980 Auratam
259 1928 406 1999 optantes
425 1916 561 1980 Colchis
583 1929 729 1980 avertere
749 1916 865 1999 pellem

79 2017 164 2083 Ausi
186 2030 259 2082 sunt
280 2022 361 2082 vada
380 2019 461 2082 salsa
484 2018 547 2082 cita
566 2022 738 2083 decurrere
761 2017 880 2102 puppi,

78 2121 217 2186 Caerula
241 2132 408 2185 verrentes
431 2121 575 2207 abiegnis
594 2145 737 2208 aequora
758 2121 892 2206 palmis:

77 2224 164 2288 Diva
186 2223 319 2310 quibus,
342 2223 482 2288 retinens
503 2223 536 2288 in
560 2225 688 2288 summis
711 2225 845 2288 urbibus
866 2223 966 2302 arcis,

76 2327 154 2410 Ipsa
175 2326 240 2390 levi
261 2325 342 2391 fecit
364 2327 552 2392 volitantem
574 2326 700 2391 flamine
725 2351 871 2406 currum,

76 2429 177 2496 Pinea
200 2429 399 2514 coniungens
416 2431 552 2495 inflexae
573 2441 660 2493 texta
683 2431 822 2495 carinae.

75 2532 138 2596 Illa
160 2535 270 2595 rudem
295 2556 389 2596 cursu
412 2533 516 2617 prima
540 2533 653 2596 imbuit
675 2534 909 2616 Amphitriten.

76 2635 167 2716 Quae
190 2634 285 2700 simul
308 2659 345 2699 ac
368 2647 479 2701 rostro
502 2648 669 2701 ventosum
689 2636 849 2720 proscidit
871 2661 994 2725 aequor

76 2741 245 2824 Tortaque
265 2738 405 2823 remigio
424 2738 543 2823 spumis
565 2737 707 2803 incanuit
730 2743 830 2817 unda,

128 2921 172 2976 (ln
190 2923 291 2978 repetita
308 2923 352 2968 hac
364 2923 410 2968 Ed.
425 2924 548 2978 consului,
569 2937 628 2982 quas
641 2925 709 2970 utute
724 2937 786 2968 nunc
799 2923 901 2978 licebat,
920 2925 1010 2985 suttgii
1028 2921 1106 2984 [cuius
1116 2930 1196 2970 tarneu

72 2990 185 3048 Epistola
202 2993 287 3038 critica
305 2993 383 3053 carui]
403 2999 428 3039 et
444 2994 589 3038 Lachmauni
608 3007 679 3038 curas
689 3026 696 3049 ‚
717 2999 840 3052 utramque
859 3009 915 3040 sane
929 2996 952 3039 in
966 3010 1009 3040 suo
1022 3009 1111 3055 genere
1124 3010 1196 3052 prae·

73 3066 193 3116 stentem,
226 3067 249 3106 et
267 3077 297 3108 ex
315 3064 401 3121 quibus
421 3065 534 3108 nonnulla
553 3066 680 3108 emendare
698 3064 780 3119 potui,
808 3066 850 3109 sed
874 3066 907 3110 ite
931 3071 1008 3111 utnen
1028 3071 1194 3122 corripientes,

75 3132 191 3176 uterinis
209 3131 349 3178 difficillima
374 3135 443 3177 butus
469 3137 553 3190 poetae
573 3135 677 3177 nondum
695 3136 726 3178 sit
744 3135 863 3178 absoluta.
901 3135 983 3194 Longe
1004 3138 1067 3180 enirn
1086 3137 1196 3192 pluribus

73 3215 87 3245 e
107 3201 251 3257 codicibus,
272 3217 343 3260 quarn
362 3218 422 3261 qnos
440 3203 605 3247 Lachtnanuus
624 3206 759 3258 consuluit,
780 3201 808 3248 eh
826 3201 863 3248 vid
881 3219 909 3249 nc
927 3208 1031 3261 ratione,
1052 3220 1121 3264 quam
1135 3208 1196 3250 San·

73 3273 154 3316 teuius
173 3273 296 3331 ingressus
316 3280 381 3326 crat,
413 3276 489 3330 tnagis
508 3279 586 3318 tamen
606 3276 708 3318 devitato
726 3274 806 3318 fallaci
825 3275 1016 3319 coniecturarum
1034 3277 1194 3332 adminiculo,

73 3343 103 3384 ad
123 3341 191 3385 unius
210 3344 274 3386 illius
292 3337 475 3412 ἀρχετύπου,
497 3358 509 3388 e
528 3358 575 3402 quo
589 3345 651 3388 ducti
664 3349 719 3386 sunt
732 3357 814 3387 ornnes
826 3344 928 3389 Codices
941 3360 1003 3388 nunc
1017 3348 1076 3399 noti,
1091 3347 1196 3390 formam

73 3413 259 3466 perveniendum
278 3417 342 3467 erit,
370 3428 413 3457 nec
437 3412 536 3457 confieri
561 3428 601 3458 res
621 3407 659 3457 hic
676 3419 756 3469 potest
773 3414 845 3457 mutis
864 3416 927 3458 notis
946 3415 995 3458 sive
1014 3415 1106 3474 siglis,
1136 3429 1195 3472 quas

74 3481 174 3534 dicunt,
206 3483 385 3528 ut'l'heotiscis
404 3483 427 3526 in
447 3484 580 3540 potinatis3
610 3485 675 3528 clarc
700 3485 843 3542 loquendum
867 3489 913 3529 est.
950 3484 1019 3541 Quod
1038 3485 1134 3542 quidem
1152 3498 1195 3530 cur

72 3551 230 3610 dedignemur
247 3567 292 3597 nos
311 3549 484 3618 φιλόλογοι,
503 3554 601 3598 intuitae
620 3552 712 3609 video.)

322 3678 576 3723 EPt'rnaLanttttnl
593 3678 690 3723 PELEI
710 3679 753 3723 ΕΤ
772 3677 948 3723 THETIDOS.

127 3763 151 3811 1.
171 3765 228 3820 „hd
246 3763 346 3820 Pelion,
367 3766 507 3810 Thessaliae
526 3773 648 3821 ruentem,
667 3765 789 3811 aedificata
809 3766 1039 3825 esthrgo.'’Mu1·.
1087 3763 1111 3812 3.
1132 3767 1151 3812 i.
1169 3781 1192 3812 e.

71 3835 227 3891 Colchidem,
249 3837 288 3879 ubi
304 3836 420 3895 regnabat
435 3838 531 3881 Aeetes.
578 3835 685 3882 intueti
706 3837 781 3881 Codd.
801 3837 847 3880 Ed.
865 3850 904 3892 pr.
950 3837 986 3880 lb.
1005 3836 1098 3894 puppis
1116 3837 1193 3883 Codd.

593 3902 601 3918 2

70 3907 128 3964 aliq.
178 3903 202 3950 8.
229 3907 338 3950 Minerva
347 3939 353 3961 ‚
382 3901 557 3968 πολιοῦχος,
586 3903 780 4020 εἷυσίπτολις,
828 3904 869 3951 11.
892 3903 974 3964 puerei
996 3907 1070 3950 Voss.
1095 3921 1107 3952 e
1130 3908 1192 3952 Cod.

73 3973 113 4021 13.
128 3981 241 4035 tortaque
256 3977 325 4020 Statii
341 3978 451 4031 auriand,
475 3989 535 4033 quae
552 3991 595 4020 con
614 3982 705 4020 cruatur
723 3978 776 4020 Sitit
795 3977 926 4020 imitatione
941 3973 969 4030 7,
986 3972 1045 4020 112.
1065 3975 1101 4021 Ac
1114 3982 1194 4022 tortus

69 4048 148 4091 mutto
174 4045 309 4103 spumabat
331 4047 428 4106 remige
449 4052 560 4105 pontus,
591 4060 663 4106 quom
687 4045 800 4103 trepidae
818 4042 929 4103 fremitu
954 4040 1041 4090 uitreis
1059 4061 1072 4089 e
1091 4046 1194 4092 aedibus

68 4117 140 4160 antri
151 4115 296 4175 Aequoreos
310 4118 405 4175 pelago
423 4118 501 4160 eirnul
518 4130 643 4161 emersere
661 4129 773 4160 sorores.
796 4136 826 4148 ·-
846 4120 943 4174 totaque
955 4115 1018 4159 Mss.
1033 4118 1101 4160 ntdd.
1120 4118 1193 4176 Ging.

69 4187 107 4232 lb.
128 4185 261 4231 incanduit
278 4187 340 4231 Mss.
361 4189 421 4231 Stat.
438 4188 513 4231 Doer.
532 4186 605 4244 Ging.
625 4210 658 4220 -
677 4184 857 4230 incandescere
874 4191 952 4230 tarnen
969 4192 1098 4241 usurpetur
1114 4188 1194 4244 potius

68 4258 98 4302 de
114 4256 218 4303 flaminis
233 4262 304 4316 etque
320 4261 398 4302 aestu.
422 4281 451 4292 ·-
469 4255 585 4317 Aequora
603 4269 669 4302 cana
686 4256 747 4302 dixit
764 4256 856 4302 Ennius
869 4269 893 4313 p.
910 4251 968 4302 132.
989 4255 1059 4304 blesa.
