2782 4762
134 349 297 436 Virginis.
341 347 428 413 Hine
451 347 565 411 subitis
586 346 708 410 iuilexit
730 345 832 408 irater
854 343 885 405 in
909 342 1024 418 armis3
1050 364 1055 372 ·

134 454 222 517 Urbs
244 453 337 515 etiam
360 474 437 515 mox
460 463 526 513 tota
550 450 634 523 coit;
660 452 747 511 volat
772 449 841 529 ipsc
864 457 1011 509 senectae

134 555 307 618 Immemor
328 556 467 627 Aeetes3
491 553 693 632 complemur
717 552 809 612 litora
834 549 920 611 bello

133 657 376 740 Nequidquam:
400 656 484 739 fugit
505 653 651 716 inunissis
675 675 744 715 nam
769 651 886 733 puppis
910 648 1053 715 habenis.

175 757 319 840 [Occidit
341 760 478 832 Aeetes,
502 778 576 818 casu
599 755 764 836 perculsus
786 757 925 816 aee-cbo:
1134 791 1137 797 ·
1194 755 1257 816 tto

133 863 259 924 Stratus
282 860 389 936 hund,
413 880 507 922 carae
529 859 677 942 relegens
701 855 835 938 vestigia
859 866 967 929 natae,

133 963 198 1027 Dat
221 962 357 1047 gemitus
380 961 590 1044 lacrimasque
612 959 705 1024 simul
729 979 891 1042 vocesque
914 959 1074 1022 resorbet.

132 1185 229 1236 triento,
258 1194 342 1225 versus
370 1175 504 1225 136-185
524 1192 652 1234 perperam
673 1183 728 1234 post
745 1191 768 1224 r.
792 1173 852 1223 585.
872 1177 983 1222 inseruit.
1029 1177 1131 1222 Secundi
1159 1179 1258 1237 generis

134 1267 163 1295 an
178 1251 249 1294 hodie
269 1264 362 1306 qnoque
382 1251 502 1304 supersint
522 1251 683 1304 exemplaria,
705 1251 772 1304 plane
786 1249 887 1306 ignor-03
908 1249 936 1290 de
955 1248 1054 1304 reliquis
1074 1249 1132 1291 satis
1144 1249 1190 1292 iam
1204 1263 1260 1292 con·

132 1325 198 1364 stare
213 1322 339 1372 arbitror,
359 1320 420 1375 qued
440 1320 468 1361 de
488 1318 675 1376 Proteraugelio
695 1319 782 1362 nemini
803 1318 857 1361 tir-et
875 1317 987 1375 gloriari.
1026 1317 1138 1373 Quintam
1159 1320 1259 1373 denique

134 1391 158 1433 iu
175 1394 298 1444 posterum
314 1389 382 1431 duret
396 1388 510 1431 familiam
529 1388 698 1440 Weieliertus,
719 1387 758 1430 ubi
776 1390 882 1440 scilicet,
903 1388 1101 1443 quemadmodum
1121 1387 1172 1442 ipse
1185 1400 1260 1444 augu-

132 1463 201 1502 ratus
222 1467 274 1512 est,
304 1472 350 1501 nen
374 1459 440 1516 inulti
463 1458 553 1500 tuerint
570 1458 609 1514 qui
634 1471 704 1500 serus
723 1462 838 1501 statuant.
875 1455 912 1518 db
938 1457 979 1499 illo
1000 1457 1063 1500 euim
1083 1456 1168 1500 ltatnur
1192 1471 1262 1500 eenr-

133 1532 239 1571 rneutnru
258 1528 404 1571 collocatuui
426 1531 463 1571 est
487 1531 540 1581 post
562 1540 585 1572 v.
610 1523 687 1582 iill.;
720 1540 767 1583 quo
793 1527 815 1570 in
846 1526 899 1569 loro
924 1525 1033 1568 cultiores
1058 1526 1153 1582 quidem
1179 1526 1261 1570 turbas

135 1598 236 1650 excitat,
266 1609 408 1653 quamquam
429 1597 463 1639 sic
489 1585 583 1652 quoque
605 1596 731 1640 manifesta
755 1596 948 1649 interpolationis
967 1595 1068 1652 vestigia
1089 1595 1180 1638 frustra
1204 1606 1259 1640 sese

132 1666 253 1710 celabunt.
291 1666 382 1722 Quippe
405 1665 441 1708 bis
464 1679 525 1708 nunc
546 1666 748 1718 Minyae-navem
770 1668 879 1717 solvunt,
900 1677 923 1708 v.
951 1661 999 1707 139
1020 1669 1043 1708 et
1063 1662 1123 1708 152.
1143 1664 1260 1720 Weich.;

134 1735 171 1777 bis
191 1734 342 1791 Ergluns'ad
358 1735 445 1777 lstruur
465 1735 609 1778 contendere
622 1734 687 1777 iubet
707 1735 803 1787 socios,
824 1746 848 1776 v.
865 1731 922 1776 155.
942 1732 1039 1776 Weich.
1058 1738 1081 1776 et
1098 1746 1120 1776 v.
1143 1731 1201 1777 itt.
1216 1734 1258 1778 W.

135 1801 206 1858 (178.
228 1803 339 1857 lterum),
360 1804 441 1858 priore
455 1803 550 1859 quidem
569 1804 621 1846 loco
640 1802 740 1857 abrupte
762 1803 833 1845 ulmis
851 1815 879 1844 ac
897 1802 986 1844 inisera
1004 1800 1195 1858 breviloquentia
1214 1807 1262 1846 tam

134 1873 240 1916 subitum
262 1873 388 1916 corrsilium
412 1873 480 1915 unius
502 1872 613 1916 uersiculi
639 1872 810 1930 arigustissimo
832 1869 909 1924 spatio
932 1871 1096 1926 concluderes
1124 1876 1148 1914 ut
1169 1876 1261 1916 taceam

133 1955 231 1985 remum
261 1938 320 1985 tat.
346 1945 427 1996 aperte
453 1945 596 1998 pugnantem
619 1955 672 1984 cnm
694 1954 717 1986 u.
740 1938 800 1985 211.
821 1941 863 1984 W.
884 1935 957 1991 (261.
976 1937 1019 1997 Β.)
1044 1944 1068 1983 et
1087 1953 1110 1984 r.
1135 1936 1195 1985 3⁰3.
1216 1941 1259 1986 W.

133 2008 209 2064 (287.
232 2010 274 2063 Β.)
294 2011 333 2067 qui
357 2018 430 2066 quum
452 2020 552 2061 prorsus
579 2011 727 2064 discrepent,
753 2009 887 2053 molestiam
909 2007 1012 2064 aliquam
1035 2009 1081 2063 ipsi
1102 2008 1260 2064 Weicberte,

133 2081 178 2124 etsi
199 2091 227 2123 ea
250 2080 286 2123 bis
307 2093 401 2135 quoque
425 2079 492 2122 tricis
517 2092 571 2123 sese
594 2083 687 2123 tandem
710 2080 859 2134 expedienti,
880 2083 1030 2122 creaverunt.
1067 2078 1157 2132 Aperte
1181 2084 1261 2123 auteur

134 2153 278 2208 pugnantem
297 2147 444 2192 confidenter
465 2149 535 2202 dico,
555 2149 744 2205 quandoquidem
765 2148 869 2191 formula
886 2149 928 2191 illa
946 2160 970 2191 v.
987 2143 1048 2194 275.
1069 2148 1112 2192 W.
1132 2143 1203 2202 (259.
1216 2145 1261 2202 Β.)

134 2217 197 2279 (luis
218 2230 296 2262 noeus
314 2218 426 2275 inceptos
451 2217 527 2260 timor
553 2216 667 2275 impediit
688 2214 870 2276 Hymenaees?
898 2220 944 2261 cet.
964 2216 1092 2260 manifesto
1118 2215 1206 2261 indicio
1224 2221 1262 2262 est

133 2289 156 2332 in
181 2287 380 2342 praecedentibus
399 2300 517 2343 sruuquam
538 2300 675 2331 seruronem
692 2287 766 2330 titisse
787 2289 816 2331 de
834 2287 909 2332 classe
928 2284 1036 2339 Absyrti.

204 2356 272 2412 Quod
294 2361 373 2400 autem
392 2356 547 2399 Weiciiertus
566 2357 599 2400 nit
620 2370 675 2415 pag.
698 2353 772 2402 tt0.:
799 2356 909 2410 „Testor
927 2367 1025 2409 ornnes,
1045 2355 1085 2412 qui
1104 2355 1261 2400 valerianam

134 2425 263 2469 dictionem
289 2426 383 2480 penitus
409 2425 529 2482 cognitam
552 2416 654 2479 habent,
686 2438 775 2483 eosque
798 2439 873 2484 rogo,
906 2428 931 2467 nt
952 2437 1023 2467 unam
1044 2428 1135 2468 unium
1158 2426 1260 2482 itemque

133 2497 236 2538 alteram
251 2505 332 2539 recem
345 2498 442 2548 notent,
457 2508 517 2552 quae
531 2507 568 2539 me
581 2495 678 2540 refellat
691 2499 714 2538 et
728 2497 820 2538 erroris
832 2493 954 2554 arguati”
971 2494 1050 2538 facilis
1063 2495 1111 2539 erit
1123 2496 1260 2550 responsio,

133 2564 241 2620 quamvis
265 2565 374 2618 pottmate
397 2568 444 2606 tam
466 2564 569 2608 molesto
591 2565 671 2609 decies
691 2566 793 2608 uomtum
814 2565 890 2618 lecto,
921 2577 972 2608 nec*
987 2563 1033 2607 nisi
1054 2564 1092 2608 rel
1113 2563 1144 2608 ab
1168 2565 1260 2608 editore

131 2634 168 2676 ret
188 2647 201 2676 a
223 2633 303 2677 Persii
322 2646 368 2677 non
382 2633 572 2690 sauoauagistro
594 2634 665 2678 toties
686 2635 796 2690 legendo.
833 2633 958 2678 Sexdecim
979 2644 1124 2687 perversus
1143 2634 1259 2678 aerrrnlari

133 2703 213 2758 utique
231 2703 269 2746 rel
288 2703 361 2747 etiam
379 2713 483 2759 aequare
507 2703 647 2757 Valerium,
668 2703 753 2746 Silium
771 2703 925 2760 reliquosque
944 2701 1050 2746 eiusdem
1068 2703 1137 2756 aeri,
1158 2703 1214 2761 qni,
1236 2706 1262 2747 at

132 2770 226 2815 Plinius
244 2771 370 2815 verissime
396 2771 470 2823 dixit,
501 2771 599 2815 meiere
623 2784 701 2830 cure,
732 2784 806 2830 quam
831 2770 938 2831 ingenie
952 2770 1073 2814 carmine
1096 2770 1260 2826 scribebant,

132 2840 196 2883 uires
214 2839 329 2883 italorum
348 2840 559 2898 grarnruaticorum
580 2841 677 2884 minime
700 2839 844 2895 superabat,
865 2843 925 2885 urrde
944 2841 965 2884 si
983 2852 1013 2891 pe
1033 2853 1079 2883 nna
1100 2841 1196 2897 quidem
1213 2853 1261 2885 vox

132 2910 193 2952 citra
211 2909 362 2953 manifestam
374 2909 549 2954 casrillutionern
560 2908 703 2964 reprebendi
720 2915 800 2965 posset
808 2941 815 2964 ,
836 2911 922 2954 mirum
935 2908 1043 2964 proiecte
1054 2909 1111 2954 milri
1122 2909 1182 2955 liand
1197 2910 1261 2954 arci·

132 2979 209 3023 deret.
236 2977 268 3022 At
280 2991 338 3023 vero
351 2978 454 3033 primum
468 2979 547 3021 statim
564 2977 664 3022 verbum
677 2978 769 3023 occidit
779 2980 897 3034 duplicem
908 2979 1008 3022 admittit
1019 2979 1259 3036 interpretationern3

132 3056 187 3090 narn
202 3051 241 3090 aut
254 3048 362 3092 dicturus
375 3053 441 3094 erat:
462 3046 572 3092 concidit
583 3045 667 3103 durni,
685 3049 872 3104 prosternitur,
893 3054 934 3092 aut
951 3045 1033 3092 subite
1051 3061 1114 3092 cusu
1123 3048 1260 3105 perculsus

132 3120 216 3160 actum
234 3114 265 3159 de
286 3128 315 3160 se
332 3115 430 3172 credit,
457 3118 499 3161 sed
522 3123 647 3174 utramque
673 3116 871 3176 significationem
898 3117 964 3162 serbi
988 3115 1119 3172 occidere,
1147 3122 1173 3161 ut
1193 3122 1260 3162 certo

132 3182 198 3239 scio,
226 3199 274 3229 non
300 3187 410 3244 agnoscit
434 3187 526 3231 Valerii
545 3200 635 3232 sermo.
673 3187 765 3232 Deinde
786 3187 895 3231 corisutit
913 3187 986 3240 illud,
1016 3191 1042 3230 ut
1058 3185 1133 3230 dudio
1154 3191 1260 3231 careant

132 3253 280 3298 contendere
298 3268 391 3310 eursu,
412 3257 510 3300 nimimu
523 3261 636 3314 quantum
648 3258 743 3302 redolet
754 3256 875 3302 bominem
893 3256 993 3312 Italum,
1013 3256 1053 3314 qui
1071 3257 1165 3316 vulgari
1175 3257 1259 3315 lingua

133 3324 274 3369 sententiam
292 3325 342 3380 ita,
363 3325 386 3370 ni
405 3324 492 3382 failor,
512 3328 652 3373 extulisset:

276 3441 304 3455 -
326 3420 351 3465 ss‘
367 3421 407 3466 ier
425 3423 553 3483 ceusigtia

271 3487 308 3535 Di
325 3496 476 3536 uertentur
494 3494 551 3552 quet
567 3490 687 3538 dubbibsa
705 3503 800 3547 serem

131 3584 153 3629 si
171 3585 266 3643 quidem
284 3586 409 3641 consulit,
432 3592 460 3632 at
476 3608 511 3621 -
527 3589 618 3632 Latinis
639 3596 675 3635 est
692 3603 770 3633 curae
789 3586 876 3643 dedet,
893 3583 1037 3646 prospicit,
1056 3577 1103 3632 non
1121 3600 1183 3633 vero
1201 3601 1259 3634 eon·

131 3654 219 3698 sitium
234 3654 353 3711 praebet,
374 3657 436 3712 quod
456 3659 539 3711 procul
558 3658 631 3702 dubio
649 3660 725 3703 voluit
743 3659 913 3713 interpolator.

198 3723 265 3767 aeae
285 3737 361 3779 nnnc,
379 3731 450 3780 “quae
479 3726 577 3781 insuper
598 3714 793 3783 reprehendenda
817 3728 944 3772 ridentur:
973 3727 1046 3771 nimis
1066 3728 1146 3773 testula
1164 3734 1211 3783 pro
1232 3741 1260 3773 re

131 3789 184 3843 ipsa
196 3803 251 3835 esse
263 3791 338 3836 verba
346 3797 484 3849 peterosns
497 3799 538 3839 tuo
551 3797 663 3841 nocuisse
675 3798 797 3854 perenti5
811 3811 859 3841 uno
870 3798 955 3841 saltem
965 3796 1040 3841 verbo
1053 3805 1125 3842 uerus
1136 3801 1222 3852 potita,
1235 3802 1261 3840 ut

130 3857 253 3912 arbitror,
269 3857 446 3918 significasset,
461 3867 664 3920 quonammodo,
683 3878 728 3923 qua
741 3880 768 3911 re
782 3867 914 3916 nocuisset.
951 3865 1036 3912 Solam
1049 3871 1166 3911 senectae
1177 3880 1259 3923 spem,

129 3927 183 3970 vive
205 3929 278 3972 etism
300 3933 355 3973 tune
375 3930 497 3986 Absyrto,
525 3933 636 3978 Medeam
660 3935 740 3979 dicere
762 3937 858 3990 proprie
881 3949 928 3980 non
953 3939 1056 3991 peterat.
1093 3936 1172 3979 Multa
1197 3937 1262 3979 inest

131 3988 316 4064 ἄκυρολογία
334 3999 358 4042 iu
383 4000 451 4044 illis:
478 4000 546 4045 loeta
564 4008 588 4046 et
605 4017 732 4063 nunquam
746 4003 877 4062 praedone
894 4005 996 4048 morito.
1037 4004 1158 4049 Nimirum
1177 4006 1260 4049 dicere

131 4065 227 4108 solebat
238 4064 355 4125 dulcique
372 4067 473 4112 carebis
485 4071 617 4130 coniugio,
632 4074 701 4117 tusto
713 4086 839 4132 utinquam
849 4071 978 4130 praedone
991 4074 1083 4118 merite
1089 4087 1101 4128 ,·
1119 4075 1167 4118 iam
1186 4074 1259 4118 metri

130 4147 203 4178 cassa
227 4134 402 4180 inferciendoru
426 4143 478 4182 erat
502 4144 542 4192 et;
569 4143 630 4198 quod
657 4143 737 4198 petius
761 4141 819 4187 baec
843 4142 982 4199 requirebat
1000 4143 1069 4185 iaetu
1085 4148 1110 4187 et
1128 4151 1258 4202 nunquam

100 4254 102 4259 ,
129 4203 179 4246 eris
194 4202 322 4260 praedone
340 4206 446 4262 merito,
469 4207 489 4251 si
514 4221 598 4253 sersus
619 4211 640 4254 id
664 4225 748 4267 passus
768 4215 842 4259 esset.
879 4211 969 4255 Deinde
992 4212 1098 4256 dicturus
1116 4218 1184 4266 erat,
1211 4224 1259 4255 asn-

127 4269 201 4330 ds'qas
219 4273 302 4334 selige
323 4274 432 4334 pubem
462 4290 524 4322 nunc
548 4279 619 4324 metri
634 4282 789 4327 vnecessitudo
809 4281 930 4326 haurirem
945 4282 1031 4340 coegit
1048 4282 1177 4328 durissime
1196 4293 1260 4326 cou-
