2782 4762
129 319 193 380 Sed
215 326 300 379 casta
318 315 437 380 inceste
460 315 598 379 nubendi
616 327 760 398 tempore
783 315 816 379 in
840 315 913 398 ipso

128 418 247 483 Hostia
267 417 453 483 concideret
472 429 609 482 mactatu
631 430 748 482 maesta
770 418 928 502 parentis,

129 521 245 586 Exitus
266 534 301 585 ut
321 520 416 584 classi
435 520 515 583 felix
536 521 720 608 faustusque
744 525 886 587 daretur.

129 629 267 688 Tantum
289 623 407 708 religio
429 623 537 706 potuit
556 628 688 688 suadere
709 624 883 689 malorum!

182 720 342 790 'Tutemet
360 750 377 790 a
398 726 493 790 nobis
515 726 577 789 iam
600 726 718 813 quovis
738 738 903 810 tempore,
928 738 1035 790 vatum

130 829 338 915 Terriloquis
359 828 463 893 victus
485 829 596 905 dictis,
620 829 797 894 desciscere
821 852 968 916 quaeres.

131 933 259 1015 Quippe
284 932 397 996 etenim
420 954 514 1016 quam
538 932 635 994 multa
656 932 717 995 tibi
736 932 799 995 iam
821 935 946 1018 fingere
967 942 1097 1016 possum

130 1035 279 1111 Somnia,
303 1057 382 1120 quae
404 1034 490 1098 vitae
510 1035 653 1099 rationes
674 1047 806 1100 vortere
827 1036 953 1119 possint

130 1141 355 1223 Fortunaeque
375 1149 444 1200 tuas
468 1136 590 1201 omneis
612 1142 743 1202 turbare
763 1138 898 1204 timore!

129 1244 175 1306 Et
197 1241 330 1304 merito:
356 1263 425 1303 nam
448 1238 477 1303 si
498 1252 617 1304 certam
636 1243 732 1305 finem
754 1263 822 1306 esse
841 1241 989 1305 viderent

129 1344 362 1408 Aerumnarum
384 1342 546 1419 homines,
571 1343 676 1429 aliqua
696 1343 822 1408 ratione
845 1346 989 1410 valerent

131 1445 361 1530 Religionibus
383 1457 477 1531 atque
499 1446 592 1509 minis
615 1447 772 1512 obsistere
794 1459 921 1511 vatum:

131 1552 227 1612 Nunc
250 1548 333 1612 ratio
356 1549 472 1611 nullast
492 1549 651 1626 restandi,
673 1551 760 1614 nulla
782 1551 937 1627 facultas,

132 1654 290 1716 Aeteruas
313 1651 463 1736 quoniam
485 1674 605 1735 poenas
626 1652 660 1716 in
684 1666 787 1718 morte
807 1653 993 1720 timendum.

132 1756 308 1838 Ignoratur
332 1753 431 1830 enim,
455 1755 596 1840 quaesit
617 1767 730 1820 natura
752 1757 883 1833 auimai3

133 1861 217 1921 Nata
240 1858 297 1933 sit,
321 1879 360 1920 an
384 1870 496 1922 eontra
519 1857 721 1922 nascentibus
741 1859 934 1934 insinuetur;

134 1963 179 2024 Et
196 1960 288 2023 simul
310 1961 446 2025 intereat
469 1961 636 2026 nobiscum
658 1973 762 2025 morte
786 1960 959 2045 dirempta,

133 2066 187 2127 An
208 2068 356 2127 tenebras
379 2063 460 2130 Orci
480 2063 562 2127 visat
584 2075 752 2149 vastasque
774 2064 922 2140 lacunas3
972 2078 977 2089 '

135 2170 190 2230 An
210 2170 349 2249 pecudes
370 2167 447 2230 alias
468 2166 620 2230 divinitus
643 2165 781 2230 insinuet
802 2191 852 2244 se,

135 2269 257 2333 Ennius
280 2281 314 2331 ut
333 2281 444 2334 noster
469 2270 602 2347 cecinit,
626 2269 681 2355 qui
702 2269 826 2352 primus
850 2294 986 2336 amoeno

134 2371 259 2436 Detulit
277 2395 318 2435 ex
338 2373 498 2437 Helicone
522 2373 655 2456 pereuni
674 2372 791 2438 fronde
815 2396 986 2451 coronam,

136 2478 202 2539 Per
224 2475 347 2560 genteis
367 2477 464 2538 Italas
485 2476 650 2540 homiuum
673 2498 754 2560 quae
773 2477 860 2541 clara
880 2479 1013 2543 clueret.
1195 2478 1254 2538 120

136 2577 209 2642 Etsi
231 2590 397 2660 praeterea
415 2591 518 2642 tamen
537 2601 605 2642 esse
624 2577 804 2642 Acherusia
824 2580 941 2664 templa

137 2681 261 2744 Ennius
281 2681 416 2744 aeternis
438 2681 573 2764 exponit
593 2681 738 2744 versibus
761 2686 872 2759 edens,

138 2786 334 2869 Quousque
356 2797 543 2867 permanent
567 2785 688 2850 animae
709 2807 812 2870 neque
835 2808 978 2868 corpora
999 2798 1126 2862 nostra,

138 2891 202 2952 Sed
222 2891 376 2973 quaedam
398 2887 566 2953 simulacra
590 2888 694 2953 modis
715 2887 865 2971 pallentia
890 2887 999 2953 miris:
1071 2886 1074 2892 ’

138 2994 232 3056 Unde
251 2990 312 3054 sibi
335 3003 481 3056 exortam
500 3014 628 3075 semper
646 2991 793 3056 florentis
814 2991 954 3057 Homeri
1195 2993 1255 3056 125

140 3221 183 3269 93.
203 3219 234 3271 Δ.
253 3222 365 3267 subnixo
386 3225 502 3280 probante
521 3227 563 3269 W.
584 3240 608 3280 p.
631 3224 688 3272 191.
709 3225 832 3271 reiiciente
851 3238 875 3279 p.
897 3221 955 3271 383.
1000 3221 1041 3269 96.
1062 3223 1097 3268 cd
1114 3222 1197 3282 eroon]
1218 3225 1257 3268 Sic

141 3295 209 3338 Gott.
252 3295 377 3338 Mutarunt
400 3294 504 3340 fortasse
529 3295 563 3340 od
587 3308 648 3339 oras
667 3295 714 3347 (G.
734 3295 765 3338 E.
788 3292 886 3352 Vulgo.)
905 3309 917 3338 e
935 3308 958 3337 v.
981 3290 1022 3339 9⁰.
1066 3295 1112 3338 Sed
1129 3297 1214 3349 poetae
1234 3295 1257 3336 in
1320 3309 1322 3316 ¹

140 3363 228 3407 talibus
252 3366 347 3409 variare
366 3369 455 3409 ararent.
507 3363 565 3410 104.
587 3364 700 3409 Tutemet
718 3389 727 3400 ·
746 3388 756 3399 ·
775 3361 892 3422 quaeres]
913 3364 1057 3417 „Facillime
1076 3364 1185 3418 profecto
1203 3361 1258 3407 fieri

140 3438 234 3489 potest,
259 3440 284 3477 ut
302 3439 350 3478 tute
370 3438 449 3490 primo
467 3448 561 3494 quoque
581 3424 687 3490 temporo
706 3450 720 3478 a
736 3434 804 3477 nobis
823 3436 958 3478 desciscens
977 3433 1086 3477 relabere
1107 3436 1129 3477 in
1148 3434 1258 3490 anitiquos

140 3515 255 3559 error·es;
276 3509 323 3547 tam
341 3506 471 3548 irradicata
490 3511 526 3549 est
545 3506 685 3560 superstitio
703 3507 727 3549 in
746 3503 865 3548 mentibus
879 3505 951 3547 etiam
962 3503 1107 3555 optimorum
1119 3504 1257 3556 hominum;

140 3578 231 3617 tantam
255 3574 278 3616 in
303 3588 387 3618 ornues
407 3582 505 3620 exercet
524 3576 681 3631 potentiam.''
716 3574 769 3618 Non
789 3579 826 3618 est
842 3573 1019 3631 interrogatio,
1048 3574 1090 3617 set
1108 3572 1256 3628 conquestio.

143 3640 201 3688 105.
220 3650 328 3701 porqunt
344 3646 375 3689 A.
395 3669 427 3677 —
446 3645 489 3704 qut'
505 3647 583 3690 multa
601 3646 647 3690 tibi
664 3643 809 3706 confingere
823 3649 932 3700 possunt
948 3644 977 3687 B.
1026 3639 1084 3687 108.
1104 3641 1138 3685 Et
1154 3642 1257 3694 merito,

141 3719 165 3758 et
184 3726 241 3757 sane
257 3712 327 3758 aliter
346 3714 400 3759 lieri
418 3716 513 3773 nequit,
535 3716 580 3759 nisi
594 3723 618 3760 ut
630 3715 812 3770 superstitiones
825 3715 884 3757 istae
898 3715 984 3758 timore
1002 3713 1110 3756 homines
1129 3712 1260 3765 percellant

142 3798 169 3827 ae
182 3797 263 3827 veram
274 3783 444 3830 beatitudinem
454 3787 514 3829 vitae
528 3786 625 3830 turbent
635 3790 681 3830 cet.
697 3785 740 3828 cir.
759 3784 859 3842 For-big.
879 3781 995 3827 restandi
1006 3783 1023 3826 i.
1036 3795 1058 3826 e.
1072 3781 1210 3826 resistendi.
1221 3783 1257 3826 lb.

142 3858 237 3896 certam
262 3853 293 3897 G.
320 3854 348 3898 C.
376 3855 407 3899 E.
427 3855 472 3899 Ed.
493 3857 561 3900 Brix.
602 3879 630 3889 -
669 3859 763 3897 cerrum
782 3855 842 3898 Ver.
861 3855 924 3897 ven.
945 3853 989 3896 As.
1009 3850 1039 3894 Α.
1092 3849 1149 3896 112.
1169 3866 1260 3915 τιμω-

141 3922 209 3993 ρίας
226 3921 388 3985 φοβητέον.
415 3925 523 3970 timendo
542 3925 572 3973 G.
609 3926 723 3968 Fortasse
748 3924 822 3967 Lucr.
847 3925 899 3979 ipse
928 3923 1060 3975 scripserat
1088 3921 1258 3966 timendumst.

143 3989 202 4038 115.
219 3999 351 4051 perempta
369 3994 471 4040 Greech.
528 3994 587 4040 118.
607 3994 699 4038 Ennius
721 4007 760 4048 ap.
781 3994 877 4038 Charis.
893 3993 912 4035 l.
928 4006 952 4047 p.
968 3989 1008 4036 75.
1029 3992 1060 4035 P.
1080 3992 1183 4035 memini
1196 3989 1261 4054 fieri

140 4077 180 4107 me
196 4076 299 4120 porum.
319 4064 474 4120 ld.ap.Cic.
494 4065 569 4109 Acad.
588 4063 618 4120 2,
640 4061 681 4109 16.
720 4061 797 4107 Visos
814 4061 939 4107 Homerus
957 4061 1047 4106 adesse
1063 4061 1147 4118 poeta.
1174 4062 1258 4107 Horat.

139 4134 188 4189 Ep.
203 4131 228 4177 2.
245 4132 273 4187 1,
289 4131 331 4178 5⁰.
350 4135 422 4179 Pers.
438 4133 462 4179 6.
484 4132 529 4190 10,
552 4132 610 4179 121.
629 4135 720 4178 Ennius
739 4147 778 4189 ap.
798 4135 935 4176 Varronem
948 4131 977 4176 L.
992 4133 1021 4176 L.
1038 4129 1066 4185 ⁶,
1081 4146 1106 4188 p.
1120 4130 1162 4176 81.
1182 4127 1259 4175 Aete-

141 4203 217 4248 rusr'o
234 4205 342 4261 templo,
362 4206 414 4249 olto
427 4203 503 4258 Orci,
521 4205 628 4260 salvete,
648 4200 743 4262 inserer.
783 4198 842 4247 123.
862 4203 898 4246 lla
916 4205 976 4251 Ver.
987 4205 1050 4249 ten.
1065 4201 1109 4249 Aa.
1123 4202 1153 4248 Α.
1169 4206 1215 4245 cet.
1228 4222 1259 4235 -·-

139 4280 308 4331 permaneant
321 4275 352 4320 G.
366 4276 394 4321 G.
406 4275 436 4322 E.
448 4276 517 4320 Bria.
536 4298 571 4312 -
584 4274 734 4333 pervenient
744 4275 803 4318 Pius
817 4275 894 4319 solus.
