2782 4762
132 370 276 451 Legarat
298 363 443 437 Stadius;
466 381 527 424 neu
549 359 632 422 dicta
654 379 778 441 repone
800 369 958 441 paterna:

132 467 292 544 „Fenoris
314 467 444 529 accedat
466 483 604 536 merees;
628 460 701 523 hinc
724 461 826 524 exime
849 473 993 543 sumptus
1007 463 1042 525 !''
1067 493 1107 503 -

132 571 240 652 „Quid
255 568 411 652 reliquom
434 564 532 629 est?'’
556 596 598 607 -
621 563 837 647 „Reliquom‘l
860 584 961 638 nunc,
986 584 1070 624 6666
1091 561 1212 643 impen-

894 665 958 727 sius
981 685 1088 748 unge,

133 776 245 859 Urge,
270 794 370 854 puer,
396 771 513 833 caules.
559 767 643 831 Mihi
666 769 747 831 festa
770 768 841 830 luce
863 777 1023 849 coquatur

132 877 244 942 Urtica
266 887 298 938 et
319 876 394 937 lissa
416 874 574 936 fumosum
596 869 734 952 sinciput
756 891 850 948 aure,

132 981 177 1044 Ut
199 991 271 1042 tuus
291 977 351 1040 iste
373 996 475 1057 nepos
498 973 573 1036 olim
596 983 684 1035 satur
707 971 825 1034 anseris
849 971 950 1045 extis,

133 1083 240 1162 Qiiom
264 1099 394 1142 morosa
415 1097 501 1160 vago
525 1073 687 1158 singultiet
708 1073 837 1157 inguine
860 1095 960 1150 vena,

131 1181 293 1246 Patriciae
315 1176 453 1241 irirnreiat
476 1175 612 1241 vulvae?
635 1175 711 1238 mihi
732 1187 831 1237 trama
854 1177 978 1259 figurae

133 1285 182 1348 Sit
202 1281 344 1366 reliqua,
369 1293 417 1342 ast
439 1279 486 1342 illi
508 1290 624 1341 tremat
647 1289 776 1341 omento
798 1298 885 1360 popa
908 1275 1070 1340 venter?''
1093 1312 1135 1322 —

131 1387 247 1449 Vende
270 1383 403 1446 animam
426 1382 537 1444 lucro:
561 1401 703 1442 mercare
726 1391 820 1464 atque
843 1391 957 1442 excute
980 1379 1097 1444 sollers
1214 1379 1253 1442 75

134 1489 238 1552 Omne
260 1487 341 1549 latus
364 1482 489 1548 mundi:
514 1504 553 1546 ne
576 1483 616 1545 sit
637 1481 856 1564 praestantior
877 1483 959 1544 alter

134 1589 345 1672 Cappadocas
368 1587 469 1672 rigida
492 1585 630 1669 pingues
652 1584 805 1666 plausisse
827 1595 969 1647 catasta:

133 1694 214 1756 Rem
238 1690 377 1773 duplica.
401 1725 442 1736 -
464 1687 588 1762 „Fecit
612 1689 672 1750 iam
696 1686 833 1768 triplex,
857 1686 917 1749 iam
940 1685 1016 1749 milri
1038 1697 1173 1771 quarto,

132 1795 201 1856 Iam
223 1792 328 1856 decies
350 1789 487 1854 reditio
509 1811 636 1874 rugam.
682 1789 862 1872 Depunge,
885 1788 939 1851 ubi
961 1788 1105 1852 sistam.”
1128 1824 1170 1834 —

131 1895 309 1969 Inventus,
333 1890 535 1976 Chrysippe,
561 1890 608 1954 toi
628 1890 738 1954 finitor
760 1888 879 1954 acervi.
1214 1891 1255 1954 80

204 2090 246 2139 66.
265 2112 297 2128 ·-
324 2092 412 2137 Stoiue
434 2092 465 2137 E.
496 2113 525 2124 -
549 2089 664 2152 'Legerat
680 2089 721 2134 liic
740 2089 838 2136 Tediue
857 2092 888 2135 V.
918 2112 947 2122 -
972 2089 1084 2152 Legerat
1105 2090 1199 2137 etudie'e
1221 2093 1251 2138 lt.

132 2163 170 2207 16.
198 2185 227 2195 -
254 2176 300 2206 nee
318 2160 386 2206 dictu
404 2162 435 2206 R.
483 2162 521 2206 16.
542 2184 575 2195 -
593 2174 686 2220 oppone
705 2162 734 2204 T.
786 2157 827 2205 68.
849 2181 878 2192 -
898 2173 964 2203 nunc
982 2174 1048 2204 nunc
1066 2161 1118 2205 iera
1140 2160 1200 2219 imp.
1221 2164 1252 2206 V.

134 2229 176 2277 69.
202 2256 235 2266 -
259 2236 377 2290 coquetur
402 2231 505 2275 RVEM.
554 2228 596 2274 79.
625 2225 768 2289 singultiet]
786 2228 877 2274 Omnes
899 2229 957 2274 mei.
1007 2226 1049 2274 73.
1069 2249 1102 2265 -
1121 2229 1199 2275 meiat
1221 2230 1253 2276 Τ.

133 2299 175 2345 tt.
204 2321 237 2335 -
264 2299 312 2345 Est
336 2300 435 2360 reliquo
449 2301 479 2344 F.
530 2297 572 2346 75.
601 2323 634 2334 -
663 2300 734 2344 lucro
755 2305 779 2344 et
799 2313 914 2343 mercare
936 2299 988 2344 TA.
1038 2297 1080 2344 76.
1104 2313 1150 2344 nec
1168 2300 1204 2346 eit
1220 2303 1252 2346 V.

134 2365 176 2415 77.
204 2389 239 2402 -
263 2366 423 2429 Cappadoces
445 2370 476 2414 Τ.
515 2370 552 2414 16.
576 2367 718 2427 pluueieee]
745 2369 777 2413 V.
803 2393 836 2403 -
854 2369 979 2413 elaueieee
997 2368 1028 2412 E.
1049 2390 1078 2400 -
1094 2369 1253 2427 planxieee;

132 2441 157 2483 16
174 2452 251 2498 marg.
271 2440 303 2484 al.
323 2439 448 2483 clausisse
467 2439 496 2486 ll.
515 2460 550 2474 -
564 2439 667 2496 perisse
686 2438 766 2482 TAM.
805 2435 846 2482 78.
868 2462 900 2471 -
918 2438 970 2481 iem
988 2436 1083 2496 duplex
1095 2439 1123 2482 F.
1163 2436 1205 2483 79.
1219 2459 1254 2474 -·

132 2509 160 2552 in
180 2521 261 2569 rugae
282 2508 312 2552 Α.
341 2529 370 2540 ·-
399 2508 454 2551 Iam
471 2507 538 2552 redit
555 2510 583 2552 in
602 2521 695 2567 rugum
716 2507 801 2552 decies
818 2508 850 2555 V.
906 2507 943 2553 16.
962 2504 1088 2567 depunge]
1107 2508 1168 2552 Cod.
1186 2508 1252 2553 Pith.

132 2596 166 2611 -·
184 2576 292 2637 depinge
308 2577 398 2622 Omnes
412 2578 468 2622 inei.
507 2573 548 2620 80.
568 2597 602 2610 -·
619 2576 784 2621 ucereiintue
802 2578 833 2621 V.
871 2577 897 2621 ln
913 2575 959 2621 line
971 2578 1026 2622 M.:
1046 2575 1163 2634 Explicit
1177 2576 1250 2638 igno-

132 2652 172 2690 tue
191 2660 239 2704 per
257 2652 333 2691 totum
350 2646 456 2691 Per-elue
474 2645 568 2690 orbem.

203 2804 244 2852 66.
275 2805 373 2851 Tadius
391 2809 448 2852 rW.
498 2805 731 2852 immediator.
783 2803 824 2850 72.
843 2805 979 2865 eingultiot
999 2806 1043 2862 pP.
1095 2803 1135 2852 77.
1154 2808 1256 2865 periere

132 2877 198 2920 wW.
238 2874 279 2922 79.
297 2874 416 2936 Depinge
434 2890 458 2931 p.
821 2873 823 2876 ’

135 2987 285 3000 ...----..

203 3033 245 3084 67.
264 3034 370 3080 Fenorie
394 3035 498 3081 occedut
524 3033 632 3094 mercer]
650 3036 766 3081 Tractum
785 3041 822 3080 est
839 3036 883 3080 hoc
909 3051 922 3079 a
950 3036 1073 3091 patribus,
1106 3039 1145 3094 qui
1173 3039 1256 3083 dieunt

131 3104 188 3150 filiis
207 3105 275 3150 suis:
307 3106 376 3160 lloc,
407 3107 470 3163 qaod
491 3105 560 3149 vobis
580 3105 639 3149 lucri
662 3108 690 3150 de
711 3105 795 3150 fenore
814 3106 933 3159 accessit,
960 3106 1125 3162 adtractum,
1156 3108 1252 3163 idest,

131 3177 160 3218 ad
182 3188 250 3218 usum
269 3175 331 3218 vitae
358 3175 426 3219 robis
454 3172 579 3229 proficiat:
611 3176 730 3232 reliquom
748 3188 806 3233 repo
837 3176 950 3231 pecuniae
971 3181 1093 3221 reservate
1121 3177 1252 3236 integrum.

132 3240 174 3288 77.
205 3240 377 3303 Cappadoces]
407 3243 560 3288 Gladiatores
577 3243 642 3289 dicit.
692 3243 752 3288 Nem
776 3245 835 3300 apud
860 3245 971 3302 antiquos
994 3247 1089 3291 venales
1106 3248 1254 3306 gladiatores

130 3312 155 3356 in
176 3318 265 3357 catasta
292 3313 455 3368 ponebantur,
489 3317 514 3356 ut
532 3313 556 3357 in
580 3314 616 3356 eis
633 3319 733 3369 possent
753 3314 832 3358 onmia
856 3315 964 3359 membra
981 3315 1077 3370 inspici.
1126 3318 1171 3361 Vel
1197 3317 1254 3374 quia

131 3380 284 3436 Cappadoces
296 3383 432 3426 dicerentur
446 3382 535 3426 habere
553 3383 656 3426 studium
679 3384 787 3427 naturale
809 3385 838 3426 ad
856 3383 918 3427 falsa
936 3385 1073 3429 testimonia
1087 3386 1251 3439 proferenda:
1329 3384 1333 3397 ⁸

130 3451 170 3506 qui
186 3452 269 3495 nutriti
287 3452 311 3495 in
333 3451 459 3495 tormentis
480 3465 493 3494 a
514 3452 631 3506 pueritia,
652 3455 779 3508 equuleum
797 3452 843 3496 sibi
858 3452 938 3498 lacere
958 3454 1083 3507 dicuntur,
1104 3459 1130 3498 61
1146 3455 1170 3498 in
1184 3469 1213 3498 eo
1226 3468 1253 3499 se

129 3519 233 3564 invicem
260 3525 406 3576 torqueant,
438 3527 462 3567 et
481 3534 554 3577 quom
576 3521 600 3565 iu
623 3534 699 3576 poena
721 3522 897 3577 perdurarent,
928 3523 958 3566 ad
975 3522 1036 3566 laisa
1063 3523 1199 3566 testimonia
1225 3537 1251 3567 se

129 3588 190 3632 bene
209 3591 380 3634 venundarent.
419 3590 456 3637 16.
476 3587 590 3648 Periere]
608 3589 708 3648 Legitur
728 3594 751 3634 et
763 3591 895 3649 pleurisee
906 3605 916 3634 .·
934 3591 1046 3647 quoniam
1063 3593 1169 3644 venales,
1184 3596 1252 3636 ante·

130 3671 200 3715 quain
210 3658 234 3702 io
244 3663 334 3704 catasta
344 3659 509 3713 imponantur,
528 3663 623 3703 6661661
632 3659 737 3703 universi
750 3660 842 3714 pariter
855 3661 1011 3719 increpantis
1024 3673 1091 3705 sone.
1147 3657 1189 3706 80.
1211 3659 1251 3703 ln-

129 3731 225 3781 rentur,
245 3724 396 3787 Chrysippo]
416 3727 564 3782 Chrysippus
582 3728 738 3783 philosophus
757 3729 851 3772 Stoicus
873 3730 1038 3788 syllogismum
1058 3727 1188 3797 σωρίτην
1207 3743 1254 3772 vo-

130 3794 209 3847 cavit,
231 3809 300 3852 quem
319 3810 362 3851 per
380 3797 537 3841 adiectionem
556 3800 580 3842 et
597 3797 770 3842 detractionem
789 3811 819 3842 ex
836 3799 915 3843 accrvi
932 3799 1083 3844 frumentarii
1096 3798 1253 3843 similitudine

130 3864 244 3908 ostendit.
