2782 4762
210 150 275 231 aas

210 326 294 390 Nam
316 323 438 388 scelere
460 321 604 387 intanto
626 324 665 385 'ne
688 342 823 408 quaeras
844 333 899 385 aut
920 319 1067 398 dubites,
1091 342 1132 385 au

210 426 321 493 Prima
339 428 538 509 soltiptatern
562 425 637 510 gula
658 424 807 489 senserit.
849 424 988 491 Ultiuurs
1014 437 1119 489 eutem
1290 425 1335 503 90

211 530 276 612 Qui
297 529 384 593 stetit
406 530 576 610 absumpto
598 527 661 590 iam
685 539 757 593 toto
779 547 941 609 corpore,
967 527 1070 592 ductis

209 634 278 698 Per
299 643 418 696 terram
441 629 566 715 digitis,
591 629 710 715 aliquid
731 633 770 694 de
793 630 947 713 sanguine
970 640 1091 716 gustat·

209 736 397 812 Vascones,
422 744 463 796 ut·
479 733 563 797 lama
586 743 654 808 est,
679 733 835 797 alimentis
857 732 973 796 talibus
996 733 1072 796 olim

209 838 405 903 Produxere
427 833 566 912 animas,
591 837 648 899 sed
669 856 722 898 res
745 833 891 912 diversa,
915 839 973 899 sed
994 835 1061 900 illie

209 941 373 1005 Fortunae
395 936 514 1001 invidia
536 949 585 1001 est
606 938 831 1022 bellorumque
852 937 980 1017 ultima,
1005 961 1099 1004 castas
1291 941 1332 1006 95

209 1040 375 1118 Extremi,
399 1041 516 1124 longae
539 1040 607 1103 dira
630 1039 810 1104 obsidionis
833 1053 973 1125 egestas.

209 1144 315 1210 Huius
337 1142 440 1219 enim,
465 1144 552 1228 quod
575 1164 658 1205 utine
680 1143 805 1224 agitur,
831 1144 1008 1209 miserabile
1031 1146 1126 1209 debet

208 1246 400 1329 Exemplum
424 1266 496 1309 esse
518 1243 601 1309 cibis
624 1244 705 1308 sicut
728 1248 824 1310 modo
847 1246 931 1309 dicta
954 1247 1030 1311 inihi
1054 1270 1132 1332 gens

209 1348 293 1413 Post
316 1370 425 1412 omnes
447 1349 583 1423 herbas,
606 1358 682 1429 post
703 1359 815 1410 cuncta
839 1349 1001 1427 annualia,
1026 1350 1181 1435 quidquid

210 1450 362 1534 Cogebat
384 1450 477 1516 vacui
498 1450 621 1514 ventris
641 1450 757 1525 ferror,
780 1451 927 1514 hostibus
950 1451 1027 1533 ipsis
1268 1456 1333 1518 100

208 1553 374 1617 Pallorem
396 1574 433 1615 ae
454 1552 585 1615 maciem
608 1564 640 1614 et
661 1563 771 1620 tenues
794 1552 1017 1617 miserantibus
1040 1566 1149 1634 artus,

209 1655 361 1719 Membra
384 1655 482 1718 aliena
504 1654 588 1718 lame
610 1655 816 1731 lacerabant,
840 1677 910 1719 esse
932 1656 1035 1738 parati
1214 1657 1218 1663 ’

207 1757 253 1822 Et
275 1779 345 1821 sua.
389 1757 542 1838 Quisnam
564 1756 727 1819 hominum
751 1757 875 1820 veniam
898 1761 973 1827 dare
995 1758 1108 1843 quisve
1130 1761 1264 1825 deorum

208 1861 388 1924 Ventribus
410 1858 557 1922 abnuerit
580 1859 647 1922 dira
672 1869 767 1945 atque
788 1859 933 1923 immania
958 1863 1062 1942 passis

207 1963 253 2028 Et
275 1962 390 2046 quibus
411 1962 539 2026 illorum
562 1974 715 2045 poterant
735 1962 907 2047 ignoscere
930 1965 1066 2039 Manes,
1268 1968 1329 2031 105

209 2065 357 2144 Quorum
379 2065 574 2147 corporibus
597 2051 834 2128 vescebantur?
856 2064 978 2129 Melius
1000 2088 1060 2130 nos

208 2166 351 2230 Zenonis
372 2178 543 2249 praecepta
566 2181 715 2230 monent:
739 2184 796 2230 nee
819 2167 901 2229 enim
925 2169 1050 2245 omnia,
1076 2171 1229 2254 quaedam

207 2269 277 2333 Pro
299 2267 365 2332 vita
386 2268 528 2331 facienda
550 2278 657 2350 putat.
701 2270 766 2333 Sed
787 2266 949 2333 Cantaber
971 2273 1054 2335 unde

210 2370 359 2447 Stoicus,
384 2369 505 2455 antiqui
527 2371 712 2453 praesertim
736 2382 839 2434 aetate
862 2372 1014 2436 Metelli?

207 2473 304 2536 Nunc
325 2483 413 2537 totus
436 2471 552 2537 Graias
573 2489 766 2556 nostrasque
787 2473 884 2537 habet
906 2474 994 2538 orbis
1015 2474 1180 2554 Athenas;
1240 2494 1243 2499 ·
1267 2480 1330 2542 110

209 2575 314 2638 Gallia
337 2574 513 2640 causidicos
536 2575 647 2639 docuit
667 2576 803 2639 faciunda
825 2574 1018 2654 Britannos3

207 2677 259 2742 De
281 2679 488 2743 conducendo
510 2677 654 2763 loquitur
674 2678 736 2742 iam
757 2679 889 2743 rhetore
912 2679 1030 2743 Thule.
1068 2766 1071 2771 Ι

278 2875 320 2925 93.
341 2876 483 2932 Vascones,
502 2875 565 2923 brec
577 2873 711 2938 samosat
730 2879 791 2936 liup.
817 2884 901 2924 eontra
918 2892 986 2925 meos
1005 2879 1066 2926 cut.
1082 2885 1107 2926 et
1129 2872 1215 2927 1111).Ι
1239 2881 1332 2929 Penni·

207 2948 291 2993 timaus
309 2963 323 2992 a
334 2948 427 2993 Latinis
447 2953 583 3004 correptam
600 2948 693 3004 tuisse,
720 2950 765 2994 etsi
781 2942 959 3010 Οῡάσκωνες
976 2948 1077 2994 Graecis
1094 2951 1207 3006 audiunt,
1227 2952 1328 2998 demon-

208 3022 284 3062 strant
307 3020 415 3072 exempta
437 3017 561 3062 Prudentii
589 3022 612 3062 et
638 3017 735 3063 Paulini
754 3018 870 3073 liupertio
891 3021 999 3074 laudata,
1024 3017 1136 3077 quocirca
1161 3022 1330 3066 emendatione

208 3084 336 3131 Vascones
348 3083 425 3145 sumu
443 3092 482 3130 cst
498 3086 568 3132 tactle
590 3100 708 3132 caraunus.
747 3088 915 3147 lutelliguntur
933 3092 1013 3132 autern
1026 3089 1203 3147 Calagurritani
1221 3091 1246 3135 in
1264 3090 1331 3136 bello

207 3157 349 3206 Sertoriano
370 3170 385 3199 a
403 3156 449 3201 Cn.
467 3156 584 3212 Pompeio
602 3155 728 3202 obsidione
747 3157 836 3211 cincti,
866 3158 908 3202 sad
927 3158 1010 3203 eadem
1031 3160 1126 3203 undem
1142 3158 1240 3204 liberati
1260 3174 1283 3204 u.
1304 3174 1329 3206 s.

209 3222 269 3271 619.
299 3239 323 3269 r.
351 3225 405 3273 Lis.
429 3225 496 3280 Epit.
522 3222 564 3274 93.
589 3227 646 3270 Vat.
671 3228 738 3271 Max.
761 3224 790 3282 7,
812 3222 848 3281 b,
868 3223 899 3280 2,
920 3225 945 3274 ³.
964 3226 1068 3282 Appiae.
1087 3228 1117 3272 Β.
1137 3227 1191 3272 Cir.
1213 3226 1246 3283 1,
1267 3226 1330 3276 112.

206 3295 258 3339 Pro
279 3295 354 3348 olim,
383 3295 425 3339 uss‘
443 3300 533 3350 septem
549 3296 607 3341 mel.
626 3294 686 3344 neu.
735 3292 777 3342 95.
797 3294 918 3340 bellorum
937 3296 1049 3342 eulmina
1066 3296 1098 3341 tt.
1149 3293 1208 3343 tot.
1229 3296 1331 3343 Ventri·

206 3361 264 3423 bus]
290 3365 384 3410 valesii
400 3365 464 3408 coni.
487 3365 569 3420 recepi
585 3379 647 3408 nnnc
668 3379 722 3409 cusu
743 3365 817 3410 Web.
837 3378 882 3420 pro
904 3364 1008 3411 Viribus
1026 3365 1128 3421 (septem
1146 3366 1203 3411 urei.
1225 3366 1331 3427 Vulgo.)

206 3457 240 3469 -
261 3432 368 3478 Urbibus
386 3433 464 3478 Codd.
483 3434 541 3491 aliq.
560 3430 679 3490 (Civibus,
698 3433 825 3489 Portibus,
846 3432 952 3480 Talibus
965 3435 1058 3490 optivus
1073 3434 1135 3489 llup.
1152 3433 1330 3494 coniecturae.)

208 3499 267 3549 108.
283 3509 376 3559 putatu
392 3502 532 3548 ABCDEG.
573 3500 633 3549 1⁰9.
653 3504 683 3562 Q.
707 3504 959 3550 CaeciliusMetellus
980 3505 1058 3558 Pius,
1078 3502 1197 3548 Numidici
1214 3503 1249 3559 fit.
1271 3519 1331 3550 cen·

206 3578 245 3616 tra
271 3573 407 3616 Sertorium
433 3586 487 3617 com
512 3573 628 3628 Pompeio
663 3574 752 3617 bellurn
778 3573 862 3632 gessit.
912 3571 971 3619 112.
1003 3574 1070 3617 llnnc
1096 3586 1194 3617 versum
1222 3588 1273 3619 orn.
1294 3574 1328 3620 Ι).

208 3639 267 3686 tlt.
287 3641 416 3703 Saguntos
443 3641 516 3687 ABG.
563 3638 623 3686 121.
651 3640 774 3686 inuidiam
789 3638 883 3701 secere
900 3643 981 3687 ulleus'
998 3656 1046 3686 nou
1065 3645 1103 3687 est
1119 3643 1201 3696 „iram
1220 3648 1248 3703 *st
1265 3643 1330 3688 indi·

205 3712 343 3771 guntionem
370 3713 506 3766 rnorere'',
535 3715 562 3759 ut
587 3713 659 3770 vulgo
682 3714 888 3769 interpretantrr3
918 3713 961 3757 sed
987 3711 1152 3766 „invidiosum
1181 3708 1329 3775 (gebiisss'g)

205 3781 307 3825 reddere
330 3781 435 3838 aliquem
464 3780 696 3826 criminationibus.”
730 3780 776 3825 Est
794 3781 883 3841 igitur:
914 3781 1096 3837 „tnrpioremne
1117 3794 1214 3825 causam
1233 3785 1258 3827 et
1281 3794 1329 3840 qua

206 3850 264 3894 deus
280 3849 349 3894 Nilus
369 3851 467 3907 eiusque
489 3855 569 3905 terra,
599 3853 719 3910 Aegyptus
738 3850 804 3912 ipsa,
828 3850 906 3909 magis
924 3851 1142 3905 dehonestaretur,
1163 3850 1252 3897 aliea-re
1270 3863 1329 3906 pos·

206 3923 275 3979 sent,
301 3919 321 3963 si
343 3919 412 3964 Nilus
433 3920 561 3977 aliquando
583 3920 628 3965 tale
652 3917 798 3964 maleficium
815 3921 909 3964 ulturus
927 3933 1027 3980 surgere
1045 3933 1075 3964 ac
1095 3919 1231 3965 redundare
1252 3920 1330 3966 nollet

205 3988 407 4046 Memphittraque
424 3990 492 4048 regio
511 3990 618 4034 siccitate
640 3985 828 4048 affligeretur?”
863 3988 954 4033 Contra
978 3988 1061 4034 G.·tt.
1080 3987 1222 4035 Weberast
1253 3986 1327 4045 „Am

205 4057 227 4102 si
249 4056 312 4102 torte
335 4057 456 4117 Aegyptus
477 4060 583 4104 siccitate
605 4058 742 4112 laboraret,
779 4058 856 4116 magis
879 4059 970 4104 crudeli
991 4056 1111 4103 sacrificio
1133 4056 1217 4102 Nilum
1239 4059 1329 4104 iratum

205 4127 341 4182 potuissent
358 4125 478 4172 exorare?
507 4120 539 4172 'si
563 4127 596 4171 dii
617 4129 752 4183 pertinaces
773 4133 829 4172 sunt
851 4129 876 4171 ln
894 4128 1035 4184 spernendis
1054 4127 1178 4171 bominum
1197 4129 1328 4182 precibus,

206 4193 332 4241 sacrificiis
351 4196 473 4252 insolitis,
492 4198 614 4243 interdum
630 4197 735 4242 fortasse
754 4197 826 4241 etiarn
849 4198 964 4256 sanguine
986 4197 1109 4252 humano,
1128 4197 1237 4253 placandi
1255 4201 1327 4243 sunt:

205 4266 230 4312 id
248 4270 347 4323 propter
366 4268 534 4312 necessitatem
551 4278 652 4324 eornm,
682 4267 722 4325 qui
740 4266 776 4313 sie
790 4265 829 4313 irat
845 4268 943 4313 caelesti
960 4272 1119 4324 premuntur,
1149 4272 1265 4326 excusant
1284 4267 1329 4311 tro·
