2782 4762
1166 166 1227 232 289

167 322 313 386 CXVII.
337 319 515 385 Eiusdem.
538 324 582 386 Se
595 320 712 405 fidem
733 332 965 388 servaturum.
987 280 1046 403 (Li.
1072 322 1174 404 3.·3.)

107 447 143 513 Si
164 460 239 531 post
261 448 326 511 iata
349 470 455 512 novos
477 449 595 512 animas
617 470 727 514 enuere
749 473 808 533 per
830 463 918 515 antiss

171 553 260 614 Vena
285 554 399 614 docent
422 550 518 613 Samii
540 553 692 634 dogmata
715 565 790 615 nota
814 551 916 630 senis,

107 654 178 717 Nec
200 664 277 735 pote
300 674 386 715 tuens
410 655 519 715 eadem
542 653 676 730 mutari,
700 655 865 718 sensurus
889 654 968 727 ultis¹

171 756 269 817 Eruet
292 776 370 836 apen
393 753 481 817 silvis
504 775 559 817 seu
583 775 664 838 vaga
688 767 794 819 cantet
817 757 904 820 avist

110 857 187 938 lpse
210 878 274 940 ego
298 859 399 934 (tuens
422 855 571 939 quonium
594 868 642 921 est
665 854 718 919 uni
739 859 864 921 servire
886 859 1024 941 puellae)
1210 860 1230 924 ὓ

171 961 353 1043 Exsungam
370 959 504 1022 ¹inuentis
525 956 631 1022 uirtus·
654 961 694 1022 ab
717 961 890 1044 exsequiis.

106 1138 272 1202 CXVIII.
294 1134 473 1200 Eiusdem.
495 1135 537 1201 In
559 1140 709 1199 Leonem
725 1140 772 1202 X.
791 1139 891 1201 Pont.
912 1140 1018 1203 Max.
1042 1137 1101 1220 (L.
1125 1136 1158 1202 3.
1181 1138 1228 1219 8.)

107 1268 204 1330 Sacra
229 1270 286 1328 sub
310 1277 471 1341 extrema,
496 1265 522 1327 si
545 1265 631 1328 sonte
653 1264 833 1349 requiritis,
858 1269 938 1330 hona

170 1368 240 1433 Cur
262 1371 333 1432 Leo
357 1384 422 1430 non
443 1367 550 1450 potuit
572 1368 722 1432 stuner'e?
754 1369 963 1432 vendiderat.

106 1548 233 1612 CXIX.
256 1545 435 1610 Eiusdem.
458 1547 517 1609 Ad
526 1545 699 1628 panium,
724 1556 909 1630 antequam
922 1546 989 1611 iret
1010 1545 1227 1613 inexilium.

526 1660 530 1666 ·
576 1650 635 1727 (L.
659 1648 693 1712 δ’.
717 1649 764 1724 9.)

105 1770 409 1859 Parthenope'mitti
432 1778 513 1840 culta
539 1779 630 1853 nale,
656 1777 857 1840 blandissima
879 1776 994 1855 Siron,

168 1882 277 1962 Atque
299 1880 386 1943 honti
409 1882 533 1942 valeant
557 1880 816 1962 Hesperidesque
844 1891 931 1943 tune.

105 1982 293 2066 Mcngillina
317 1983 387 2044 vale
409 1982 511 2045 nostri
534 1993 708 2046 memoret
731 2000 796 2044 mea
819 1981 922 2044 flentis
1016 1970 1019 1976 ¹

170 2086 261 2147 Scuta
284 2105 383 2166 cape,
408 2084 470 2146 heu
493 2084 612 2146 domini
635 2105 764 2146 munera
788 2103 882 2146 avara
906 2081 965 2147 tui·
1082 2102 1085 2111 ’

104 2183 273 2249 Maternae
296 2160 590 2261 salvetffutnbram
613 2184 733 2249 salvete
756 2198 929 2267 paternae,

168 2284 321 2367 Accipite
344 2295 376 2346 et
397 2283 514 2347 vestris
537 2295 626 2346 tinea
650 2286 733 2346 dona
755 2284 853 2346 sucis.

104 2387 197 2450 Nove
220 2407 300 2471 nega
324 2396 470 2468 optatos,
495 2386 604 2469 Virgo
624 2386 815 2462 Sebethus,
839 2404 962 2462 amncs3

119 2558 124 2564 ,
168 2486 369 2572 Absentique
391 2499 461 2550 tuus
484 2490 537 2550 det
560 2484 634 2551 mihi
657 2508 788 2552 somnus
810 2510 920 2574 aquas.

104 2589 170 2655 Det
191 2590 280 2653 sesso
304 2589 440 2653 aestivas
462 2592 591 2652 tunbras
614 2609 717 2672 sopor
738 2584 772 2653 ct
791 2590 869 2654 levis
896 2609 973 2652 ausu

167 2693 378 2777 Fluminaque
399 2692 469 2774 ipsa
492 2712 551 2756 suo
573 2692 644 2754 lene
667 2703 779 2756 sonent
801 2690 951 2772 strepitu.
1186 2692 1228 2752 to

106 2794 248 2858 Exilium
271 2817 341 2857 natu
365 2805 479 2875 sponte
502 2814 642 2876 sequort
668 2795 748 2856 Sors
771 2793 837 2874 ipso
859 2791 1002 2865 fovebit3

168 2897 324 2960 Fortibus
347 2899 425 2960 haec
446 2897 539 2960 solita
563 2908 610 2958 est
632 2916 726 2976 saepe
749 2906 782 2957 et
804 2897 913 2959 edesse
938 2894 1012 2959 vinis
1063 2937 1065 2941 -

103 3000 148 3063 Et
170 3001 243 3064 tuihi
265 3013 337 3063 sunt
361 2999 494 3063 comites
517 3001 653 3074 Musae,
678 3008 751 3061 sunt
772 2996 898 3061 numina
921 3009 1026 3063 vatius.

168 3104 212 3165 Et
235 3124 322 3164 mens
345 3103 427 3165 lecta
449 3101 515 3165 suis
537 3103 654 3186 gaudet
676 3102 715 3165 ab
739 3095 906 3183 auspiciis3

103 3205 333 3289 Blanditunque
356 3203 451 3269 animi
472 3216 622 3269 constans
644 3203 818 3281 sententie,
843 3203 987 3287 quumvis
1154 3224 1158 3231 ·
1186 3207 1226 3271 15

167 3307 266 3371 Exilii
288 3307 433 3370 meritum
455 3305 496 3371 sit
517 3307 591 3371 satis
612 3305 680 3390 ipss
702 3308 795 3371 fides.
814 3364 822 3373 ..
941 3332 944 3339 ·

189 3464 298 3530 CXX.
341 3461 560 3549 castiglionii
582 3465 623 3528 cio
645 3477 755 3530 morte
777 3442 962 3550 Rapnaetis
982 3465 1142 3549 pictoris.

104 3593 202 3675 Quod
223 3595 361 3658 lacerum
385 3615 503 3676 corpus
527 3595 646 3658 medica
669 3606 838 3659 sanaverat
860 3607 928 3657 ante

175 3695 407 3778 Hippolytum,
433 3697 553 3780 Stygiis
577 3709 608 3759 ct
630 3707 800 3760 revocarat
823 3697 930 3780 aquis,

106 3799 313 3883 Ad.Stygias
334 3799 403 3880 ipsc
426 3810 476 3861 cst
496 3810 607 3880 nuptus
629 3793 823 3880 Epidaurius
846 3801 963 3861 undas:

169 3900 224 3962 Sic
246 3896 383 3982 pretium
405 3899 489 3961 vitae
512 3889 601 3963 uiors
622 3901 684 3962 suit
705 3900 835 3962 artifici.
911 3916 913 3920 ·

108 4002 160 4065 Tu
182 4023 330 4089 quoque,
356 4004 429 4064 dum
452 4013 524 4065 toto
545 4003 690 4065 laniatam
714 4022 855 4084 corporo
879 4000 1028 4064 Romam'
1205 4000 1225 4064 5

170 4087 349 4186 Componis
372 4104 473 4180 mino,
498 4106 664 4186 Raphae'l,
683 4100 844 4188 ingenio:
1163 4109 1167 4117 ’

104 4208 213 4290 Atque
237 4207 334 4270 Urbis
357 4207 494 4269 lecet-usu
517 4202 631 4287 ferro,
656 4206 724 4291 igni
747 4205 898 4291 annisque
920 4210 1067 4270 cadaver·

145 4307 235 4363 Eetogae
250 4307 306 4349 l’oet.
316 4305 359 4348 Lat
967 4309 1007 4372 19
