2782 4762
146 326 238 389 Unde
257 344 343 388 mare
364 336 395 387 et
416 335 522 388 terrae
541 335 673 407 possent
694 346 865 410 augescere
887 337 918 389 et
938 330 1020 390 unde

144 430 327 510 Appareret
348 426 484 509 spatium
508 426 589 491 caeli
610 431 723 492 domus
743 428 867 513 altaque
889 439 974 492 tecta
1174 424 1256 490 luo

147 530 294 594 'l'olleret
316 553 333 592 a
351 529 446 593 terris
468 529 583 612 procul
606 541 637 593 et
661 543 872 616 consurgeret
892 535 973 595 ae'rae

144 635 226 695 Nam
245 655 299 695 sua
320 632 460 718 quoique
483 631 565 697 locis
590 654 632 696 ex
653 632 799 696 omnibus
822 633 926 698 omnia
946 633 1051 718 plagis

144 735 299 818 Corpora
319 735 550 798 distribuuntur
572 746 603 799 et
624 738 664 798 ad
682 757 737 798 sua
760 736 843 800 secla
865 739 1036 801 recedunt:
1062 782 1064 786 ι

144 839 274 902 Humor
296 841 335 901 ad
356 841 540 914 humorem,
562 849 692 902 terreno
712 860 854 922 corpore
875 851 962 904 terra

143 941 273 1005 Crescit
294 954 325 1005 et
346 942 456 1026 ignem
474 941 565 1027 ignes
586 944 768 1024 procudunt
790 944 980 1027 aetheraque
998 943 1128 1009 aether:
1174 946 1255 1008 1115

143 1044 304 1108 Donicum
325 1047 366 1107 ad
388 1055 564 1108 extremum
584 1043 751 1109 crescundi
769 1045 890 1127 perfica
910 1046 1005 1108 finem

142 1146 257 1211 Omnia
278 1146 429 1229 perduxit
450 1169 559 1210 rerum
579 1159 690 1210 natura
713 1147 873 1210 creatrix:

141 1252 186 1314 Ut
207 1251 260 1324 lit,
284 1249 338 1312 ubi
359 1249 460 1314 nihilo
481 1249 543 1311 iam
561 1249 633 1331 plus
656 1261 719 1326 est,
743 1253 830 1334 quod
851 1252 943 1313 datur
964 1250 1045 1313 intra

140 1352 280 1415 Vitaleis
300 1373 410 1428 venas,
433 1374 526 1436 quam
551 1356 639 1438 quod
660 1352 730 1415 fluit
751 1364 845 1438 atque
868 1352 1002 1416 recedit.

141 1448 301 1519 Omnibus
320 1455 369 1519 bis
391 1467 476 1518 aetas
498 1457 592 1518 debet
614 1455 789 1519 consistere
810 1457 924 1518 rebus:
1174 1459 1256 1520 1110

140 1556 207 1620 Hic
230 1569 341 1620 natura
363 1557 427 1621 suis
448 1558 590 1621 refrenat
613 1556 734 1620 viribus
755 1568 894 1619 auctum.

140 1661 239 1736 Nam,
262 1680 506 1746 quaequomque
526 1660 614 1723 vides
637 1660 771 1723 hilarum
793 1663 1004 1743 grandescere
1023 1664 1203 1726 adauctum

140 1763 373 1847 Paullatimque
397 1766 514 1848 gradus
537 1763 648 1827 aetatis
668 1766 821 1826 scandere
844 1764 984 1838 adultae,

139 1865 239 1929 Plura
259 1864 319 1928 sibi
342 1877 516 1942 assumunt,
540 1870 692 1950 quamde
715 1887 748 1928 se
771 1887 913 1945 corpora
934 1865 1058 1927 mittunt
1070 1891 1078 1941 ;

139 1969 222 2032 Dum
239 1968 335 2032 facile
357 1967 389 2030 in
412 1990 508 2031 venas
530 1969 620 2031 cibus
643 1966 763 2032 omneis
785 1966 903 2030 inditur
926 1979 957 2030 et
979 1970 1051 2030 dum
1173 1973 1252 2034 1125

141 2073 217 2155 Non
234 2071 279 2135 ita
299 2083 370 2134 sunt
390 2072 453 2134 late
474 2071 633 2154 dispersa,
656 2082 690 2133 ut
708 2070 803 2133 multa
825 2070 987 2133 remittant

139 2175 182 2237 Et
202 2175 274 2258 plus
296 2172 441 2257 dispendi
462 2172 597 2249 faciant,
615 2192 712 2260 ‘quam
736 2173 878 2236 vescitur
900 2186 997 2237 aetas.

139 2279 221 2340 Nam
241 2288 328 2341 certe
350 2277 449 2340 fluere
472 2298 509 2339 ae
532 2279 685 2339 decedere
708 2298 850 2359 corpora
870 2280 966 2341 rebus

138 2380 245 2444 Multa
266 2401 374 2442 manus
392 2381 526 2442 dandum
546 2390 614 2442 est:
639 2381 695 2442 sed
715 2380 808 2461 plura
830 2383 982 2444 accedere
1005 2383 1138 2457 debent,

140 2484 258 2547 Donec
278 2482 441 2545 alescundi
459 2503 611 2545 summum
628 2482 763 2565 tetigere
787 2505 948 2546 cacumen.
1173 2485 1254 2548 1130

137 2586 217 2648 Inde
241 2585 417 2649 minutatim
439 2583 537 2648 vireis
558 2595 590 2648 et
607 2587 710 2649 robur
729 2586 867 2649 adultum

138 2687 276 2772 Frangit
296 2699 327 2768 et
347 2688 380 2750 in
398 2698 522 2770 partem
540 2686 685 2769 peiorem
705 2687 839 2774 liquitur
857 2701 955 2753 aetas.

138 2789 268 2873 Quippe
287 2789 418 2866 etenim,
442 2802 560 2877 quanto
579 2801 627 2854 est
649 2813 701 2854 res
721 2791 873 2873 amplior,
897 2791 1042 2875 augmine
1063 2797 1230 2875 adempto,

137 2895 181 2957 Et
204 2914 269 2979 quo
291 2891 388 2956 latior
411 2905 474 2970 est,
496 2893 530 2956 in
553 2904 681 2956 cunctas
704 2893 841 2979 undique
863 2894 981 2976 parteis

137 2996 238 3059 Plura
256 3000 354 3061 modo
377 2995 535 3080 dispergit
552 3007 584 3059 et
604 3018 622 3058 a
643 3016 675 3060 sc
699 3018 840 3078 corpora
858 2997 971 3075 mittit3
1173 3002 1252 3064 1135

135 3218 211 3265 Godd.
226 3215 251 3262 2.
264 3218 295 3265 Α.
325 3243 358 3251 -
387 3217 831 3272 (511155551155115555155.
851 3219 1091 3274 Brix.Vcr.Ven.)
1123 3246 1156 3256 -
1182 3222 1251 3266 hilar

135 3288 211 3332 Codd.
226 3285 252 3334 1.
272 3311 305 3321 -
323 3284 543 3332 11115νίΕο0.1511.
555 3288 601 3333 Ar.
621 3309 656 3322 ·-
672 3286 756 3333 hilaro
768 3290 798 3334 L.
819 3310 848 3321 -
868 3289 977 3334 adauctu
986 3289 1249 3337 Codd.2.Ar.-Har.

133 3356 552 3415 11151151.55050555155115555515
572 3360 631 3402 alias
649 3361 769 3413 reperitur
787 3374 826 3414 ap.
845 3359 943 3404 Lucret.
963 3385 996 3394 -
1014 3357 1096 3404 hilare
1109 3359 1198 3420 (coni.)
1208 3376 1251 3422 gr.

133 3427 168 3472 ud
186 3433 286 3471 unctum
300 3429 342 3471 W.
366 3427 443 3471 Nobis
456 3429 550 3485 quidem
562 3442 620 3484 prae
636 3429 736 3486 reliquis
751 3431 838 3484 placuit
855 3431 941 3473 Aldina
960 3432 1045 3484 lectio,
1072 3432 1164 3474 duobus
1182 3434 1251 3477 codd.

130 3496 226 3541 firmata
244 3498 315 3552 (nunc
333 3498 405 3542 etiarn
428 3512 442 3540 a
466 3498 496 3542 C.
516 3504 539 3543 et
555 3495 610 3556 E.).
648 3499 758 3543 Attamen
784 3512 814 3545 ex
837 3500 972 3556 antiquiore
997 3500 1076 3543 forma
1100 3502 1174 3545 scrib.
1202 3508 1254 3546 erat

132 3565 244 3612 hilarum
262 3579 322 3622 pro:
342 3565 460 3611 hilarem.
517 3565 592 3613 1125.
616 3568 713 3612 inditur
733 3568 792 3614 Cdd.
810 3569 840 3614 C.
857 3570 887 3614 E.
904 3569 980 3628 Lugd.
1002 3576 1080 3627 uterq.
1105 3571 1173 3615 Brix.
1191 3573 1250 3615 Ver.

132 3639 195 3681 lunt.
211 3638 252 3680 W.
267 3637 343 3681 Forb.
363 3662 395 3671 —
414 3636 509 3682 diditur
528 3639 607 3696 Vulgo
620 3653 673 3682 cum
685 3639 748 3682 Brit.
767 3639 791 3687 2.
807 3641 868 3685 Ven.
883 3641 937 3684 1110.
954 3641 1019 3684 155111
1032 3654 1088 3684 sanc
1102 3641 1252 3684 correctione

132 3709 206 3762 petita
218 3722 230 3751 5
243 3721 266 3750 v.
284 3703 359 3752 1136.
378 3708 461 3752 Verbo
477 3712 541 3753 certe
557 3707 644 3752 indere
659 3722 776 3765 nusquam
785 3716 910 3764 praeterea
923 3712 997 3754 utitur
1008 3711 1081 3754 Lucr.
1121 3707 1197 3755 1127.
1206 3725 1252 3766 pu-

132 3778 212 3820 aritur
228 3778 325 3820 Amicus
339 3777 465 3834 Larnbini;
485 3778 631 3822 nancitura
651 3793 674 3822 v.
693 3780 814 3832 mercior,
835 3794 940 3841 occupo,
959 3781 1090 3836 prehendo.
1110 3779 1168 3824 ΧΗ.
1190 3781 1251 3824 Tab.

133 3847 207 3904 Qvto
224 3846 377 3892 PlGNERlS
395 3847 577 3901 Naucrron,
597 3848 658 3892 SlBl
677 3849 816 3894 ΗΑΒΕΤΟ.
846 3850 918 3894 Fabri
931 3852 994 3894 coni.
1014 3851 1079 3904 „Sed
1096 3851 1164 3894 nesci
1182 3852 1254 3895 etiam

131 3930 186 3960 cum
206 3918 342 3961 accusativo
368 3921 474 3962 construi
499 3919 604 3972 potest.”
626 3917 703 3962 Forb.
759 3916 834 3963 1128.
854 3934 884 3962 uc
901 3919 1031 3979 decedere]
1047 3920 1174 3978 Vulgatam
1196 3923 1251 3964 lert.

131 3991 236 4040 servavi,
257 4002 317 4044 quae
331 3990 388 4032 satis
407 3987 517 4032 firmatur
531 3989 585 4033 aliis
606 3989 666 4032 locis
685 3988 757 4033 Lucr.
778 3992 813 4042 (v.
830 3990 933 4032 ludiccm
945 3987 1051 4047 Eichst.)
1074 4013 1099 4021 -
1121 3996 1193 4050 etque
1214 4005 1253 4033 re-

130 4056 219 4100 cedere
235 4057 265 4101 C.
279 4059 308 4101 E.
324 4060 366 4102 W.
380 4059 409 4103 F.
457 4055 533 4102 1130.
552 4057 819 4103 Donicnmoleseendi
833 4058 902 4103 L.H.
948 4057 1024 4104 1135.
1045 4060 1131 4114 „Ordo
1152 4067 1201 4105 cst:
1224 4061 1254 4104 Et

130 4129 269 4184 quomodo
288 4129 359 4172 latior
378 4134 429 4182 est,
450 4143 479 4173 eo
498 4129 569 4172 modo
587 4130 657 4184 plura
676 4129 805 4188 dispargit,
831 4129 972 4183 pronomine
986 4144 1014 4173 ex
1028 4133 1103 4174 altera
1117 4136 1183 4186 parte
1197 4130 1253 4174 suh.

131 4198 211 4240 audito
230 4204 296 4242 etex
315 4200 390 4242 altera
407 4199 571 4242 substantivo:
592 4203 615 4242 et
634 4199 689 4256 quid
711 4200 748 4242 his
760 4196 945 4256 frequentius?”
965 4198 1008 4247 W.
1042 4198 1113 4242 modo
1126 4200 1150 4244 h.
1168 4203 1184 4243 1.
1199 4205 1251 4250 est:

131 4281 161 4311 ec
176 4281 226 4324 pro
244 4281 376 4322 mensura,
398 4274 424 4312 ut
435 4269 495 4325 apud
509 4269 606 4314 Celsum
620 4266 650 4322 1,
666 4267 691 4316 2.
711 4267 776 4328 quod
784 4267 854 4314 modo
861 4283 911 4326 por
923 4275 969 4314 eet.
993 4290 1022 4301 -
1040 4267 1166 4313 Plariano
1179 4270 1248 4319 L.H,
