2782 4762
136 345 346 413 Glandiieras
368 347 452 414 inter
471 351 626 413 curabant
650 368 793 432 corpora
813 369 952 437 quercus

135 449 354 537 Plerumque;
377 462 426 529 et,
449 472 533 537 quae
553 473 639 515 nunc
659 450 797 517 hiberno
816 461 963 536 tempore
986 451 1091 518 cernis

134 555 266 616 Arbuta
285 552 424 636 puniceo
444 553 516 618 lieri
538 565 661 618 matura
682 554 813 634 colore,

135 654 282 719 Plurima
301 666 368 719 tum
389 654 501 733 tellus,
524 655 618 719 etiam
639 655 778 733 maiora,
801 657 946 725 serebat:

137 756 312 844 Multaque
330 769 498 841 praeterea
520 757 650 823 novitas
672 769 738 821 tum
759 758 877 824 florida
895 759 1004 825 mundi

136 859 264 924 Pabula
286 859 357 923 dira
372 859 447 924 tulit
470 859 594 925 miseris
615 859 806 927 mortalibus
824 861 942 945 ampla.

199 963 247 1026 At
267 964 379 1027 sedare
400 961 485 1026 sitim
504 961 616 1027 fluviei
633 963 805 1049 fontesque
828 967 1008 1041 vocabant3
1082 979 1084 984 ·

136 1064 182 1128 Ut
201 1085 286 1126 nunc
308 1062 471 1129 montibus
493 1086 511 1128 e
533 1064 657 1150 magnis
679 1069 832 1140 decursus¹
854 1069 950 1154 aquai

136 1164 249 1231 Claru’
272 1165 349 1230 citat
370 1166 433 1231 late
454 1166 593 1232 sitientia
618 1169 704 1232 secla
723 1168 880 1235 serarum.
975 1191 978 1198 ’

134 1266 287 1354 Denique
308 1268 496 1355 noctivagei
517 1269 678 1334 silvestria
699 1270 817 1354 templa
839 1275 990 1338 tenebant

135 1372 381 1454 Nympharum,
403 1371 520 1458 quibus
541 1371 674 1436 exibant
691 1375 827 1439 bumore
845 1375 963 1440 fluenta

135 1473 297 1553 Lubrica,
319 1473 472 1558 proluvie
492 1473 586 1558 larga
607 1474 716 1540 lavere
739 1475 869 1541 humida
892 1499 986 1556 saxa,

135 1574 277 1640 Humida
298 1599 376 1640 saxa
398 1599 495 1660 super
516 1576 615 1641 viridi
637 1577 788 1642 stillantia
811 1601 940 1657 musco,

134 1679 181 1742 Et
201 1677 320 1761 partim
341 1678 439 1762 plano
462 1691 586 1745 scatere
608 1691 702 1766 atque
727 1703 895 1766 erumpere
918 1703 1046 1766 campo.

199 1783 346 1846 Necdum
365 1804 418 1847 res
438 1781 509 1868 igni
528 1781 653 1846 scibant
673 1794 814 1848 tractare
836 1807 939 1870 neque
962 1785 1009 1849 uti

135 1883 283 1949 Pellibus
305 1896 337 1948 et
356 1883 472 1968 spoliis
490 1907 611 1968 corpus
632 1885 752 1950 vestire
774 1886 937 1952 serarums

135 1988 202 2052 Sed
223 2007 356 2052 nemora
378 1999 473 2074 atque
496 2009 595 2053 cavos
617 1988 754 2053 monteis
775 1987 938 2076 silvasque
957 1988 1125 2069 colebant,

127 2090 181 2153 ¹Et
200 2088 336 2155 frutices
350 2089 434 2154 inter
456 2092 638 2155 condebant
660 2090 805 2178 squalida
822 2095 981 2170 membra,

134 2192 287 2256 Verbera
309 2203 480 2257 ventorum
502 2192 606 2257 vitare
626 2192 823 2280 imbreisque
846 2194 984 2260 coactei.
1194 2197 1257 2264 955

198 2297 271 2360 Nec
293 2316 461 2360 commune
480 2299 602 2360 bonum
622 2307 775 2379 poterant
795 2308 941 2380 spectare
964 2318 1068 2384 neque
1089 2297 1162 2364 ullis

132 2397 291 2464 Moribus
308 2396 393 2463 iuter
414 2421 447 2464 se
469 2397 596 2464 scibant
613 2420 674 2480 nec
693 2396 820 2482 legibus
843 2397 904 2464 uti.

133 2536 246 2604 ce'ptnur;
266 2545 478 2600 („exsuscitebant
492 2557 566 2602 aquas
582 2549 606 2590 ct
621 2544 783 2602 properabant
797 2543 959 2603 Nymphae.”)
987 2547 1024 2591 ita
1039 2552 1063 2593 et
1076 2544 1105 2603 6,
1123 2545 1200 2595 1215.
1210 2547 1257 2595 Ar.

132 2618 165 2662 P.
186 2615 286 2660 exciret
300 2616 363 2659 male
378 2624 423 2670 pro
438 2615 524 2659 exiret
540 2612 636 2672 (Brir.)
669 2616 716 2660 Sed
734 2614 840 2670 Epicuro
857 2615 891 2659 ita
910 2616 1006 2662 iubente
1025 2616 1112 2675 ubique
1130 2617 1258 2663 Lucretius

134 2690 208 2745 negat
225 2685 282 2731 talia
301 2683 411 2729 Deorum
429 2698 503 2739 opera
521 2684 702 2739 administrari,
722 2685 795 2729 veluti
814 2681 845 2738 i,
863 2683 923 2731 579.
943 2699 1014 2745 quem
1032 2688 1126 2741 locum,
1146 2700 1259 2745 quumer

134 2754 316 2813 pulchrioribus
334 2755 380 2814 sit,
398 2759 475 2798 totum
493 2753 539 2799 buc
556 2765 689 2809 apponam:
718 2751 772 2798 Sex
790 2748 867 2797 elium
885 2760 929 2800 uut
946 2760 1040 2812 septem
1056 2757 1114 2800 loca
1131 2755 1184 2800 ridi
1199 2746 1258 2802 red-

134 2825 197 2872 dere
217 2837 304 2879 uoces,
337 2821 417 2868 Unum
435 2836 507 2882 quom
526 2823 643 2870 iaceres:
678 2824 716 2868 ita
739 2824 818 2868 colles
834 2823 942 2869 collibus
959 2823 1043 2883 ipsei,
1073 2823 1156 2869 Verba
1173 2827 1258 2883 repul·

134 2901 224 2942 euntes
242 2892 368 2938 iterabant
384 2892 453 2938 dictu
471 2889 576 2952 referri.
620 2891 691 2938 Haec
707 2893 765 2936 locu
782 2892 931 2951 capripedes
949 2893 1059 2954 Satyros
1075 2891 1258 2955 Nymphasque

133 2972 220 3012 tersere
237 2962 373 3008 Finitumei
382 2961 491 3026 fingunt
508 2968 532 3007 et
547 2960 648 3008 Fuuuos
667 2975 723 3007 esse
740 2961 888 3021 loquuntur,
915 2961 1026 3024 Quorum
1043 2963 1176 3024 noctisago
1193 2969 1258 3009 stre·

130 3036 190 3095 pitu
206 3033 313 3093 ludoque
330 3033 427 3077 iocanti
443 3031 578 3096 Affirmant
595 3034 668 3093 volgo
684 3030 813 3076 taciturna
831 3032 934 3076 silentiu
951 3033 1037 3092 rumpi
1055 3030 1258 3094 chordarumque

133 3118 214 3151 sonus
225 3100 291 3166 fieri
308 3101 453 3161 dulceisque
472 3103 606 3162 querelae,
637 3100 714 3146 Tibia
737 3114 800 3160 quas
816 3097 908 3160 suadit
931 3101 1022 3163 digitis
1041 3103 1148 3161 pulsata
1165 3117 1257 3148 cenen-

134 3181 206 3221 tum:
224 3173 257 3218 El
273 3186 355 3234 genus
374 3168 515 3232 agricolum
533 3163 584 3216 lete
602 3171 755 3225 sentiscere,
781 3184 853 3230 quom
870 3171 939 3227 Pan,
958 3171 1038 3217 Pinea
1055 3168 1172 3231 semiferi
1187 3173 1258 3231 cupi·

135 3245 171 3290 tis
188 3244 327 3290 uallumiun
345 3255 472 3302 quussuus
481 3274 488 3297 ,
517 3239 585 3286 Uarro
602 3254 678 3300 saepe
696 3240 769 3286 labro
786 3242 899 3286 calamos
914 3243 1046 3299 percurrit
1062 3240 1190 3300 hianteie,
1215 3241 1257 3287 Fi·

133 3315 204 3361 stulu
221 3314 363 3359 silvestrem
387 3325 418 3356 ne
441 3317 524 3356 cesset
539 3307 652 3370 fundere
670 3323 779 3356 musam.
816 3306 904 3356 Cetera
921 3309 1063 3372 degenere
1080 3309 1126 3357 lece
1144 3318 1259 3358 morestrn

134 3398 166 3428 se
181 3389 300 3442 portentu
316 3384 469 3442 loquuturum
486 3379 524 3427 Ne
542 3382 599 3425 locu
618 3380 719 3426 deserta
734 3379 765 3425 ud
783 3378 848 3425 dieis
866 3394 960 3440 quoque
970 3378 1043 3440 sorte
1056 3387 1178 3440 putentur
1196 3382 1258 3427 Sola

134 3461 236 3508 tenere,
256 3451 313 3498 ideo
331 3452 428 3496 iactum
444 3451 570 3497 miraculo
586 3449 681 3504 dicein
710 3448 759 3495 Aut
776 3450 863 3509 ulique
881 3451 980 3495 ratione
997 3451 1052 3495 nlin
1069 3449 1196 3498 ducuntur
1201 3464 1213 3505 ;
1232 3456 1259 3497 ut

134 3538 207 3570 omne
231 3520 376 3567 Humanum
402 3534 484 3581 genus
512 3526 550 3565 est
574 3520 675 3565 uvidum
700 3519 777 3564 nimie
802 3520 987 3565 auricularum.
1025 3519 1139 3565 Ceterum
1163 3521 1257 3576 explica

134 3594 240 3652 „quibus
253 3593 350 3637 exibant
361 3591 449 3635 fluenta
461 3591 548 3646 partim
562 3591 656 3644 lavere,
677 3589 713 3646 (ut
730 3587 849 3646 lacerent)
867 3590 963 3635 humida
981 3602 1054 3644 saxa,
1074 3591 1183 3646 ipsorum
1200 3590 1255 3635 scil.

135 3670 262 3709 antrorum
279 3663 360 3706 solum
376 3658 485 3716 (Boden)
502 3663 613 3715 opertum
630 3672 729 3714 musco,
755 3659 815 3704 unde
835 3660 859 3703 in
878 3659 998 3704 subiectas
1015 3663 1086 3704 antro
1104 3671 1177 3714 rupes
1195 3672 1258 3716 aque

135 3737 240 3790 desuper
256 3731 377 3786 stillabat,
408 3730 495 3788 partim
521 3735 546 3772 nt
569 3743 630 3788 equa
657 3742 700 3785 per
722 3729 799 3772 rimas
816 3731 915 3784 rupium
933 3730 1047 3784 absorpta
1065 3727 1118 3773 dein
1138 3729 1166 3772 dc
1185 3730 1257 3784 plano

135 3817 221 3860 campo
239 3816 283 3858 per
301 3802 380 3845 fontes
400 3798 563 3856 erurnperet.''
597 3798 715 3842 Amabant
739 3802 820 3842 antem
838 3800 928 3857 antiqui
948 3797 1064 3844 eiusmodi
1082 3799 1255 3851 repetitiones:

134 3869 391 3924 numerariorum,
408 3867 467 3915 127.
491 3863 678 3938 ὀαριζέμεναι
695 3858 749 3916 αἵτε
766 3863 915 3936 παρθένος
932 3861 1038 3932 ἠΐθεός
1054 3878 1085 3915 τε
1102 3863 1258 3937 Παρθένος

131 3936 238 4009 ἤῐῆεός
254 3942 278 3991 τ’
297 3934 450 4010 ὀαρίζετον
468 3932 629 4003 ἀλλήλοιϊν.
662 3937 714 3982 Cic.
729 3938 757 3982 de
769 3937 851 3982 Dicin.
868 3936 897 3992 1,
917 3937 940 3996 p.
958 3933 1000 3980 st.
1019 3933 1142 3980 acredula
1156 3936 1257 3982 uocibus

131 4016 227 4067 instat,
243 4009 351 4056 Vocibus
363 4011 441 4055 instat
454 4015 501 4055 cet.
526 4011 612 4054 Horat.
626 4007 704 4063 Epod.
721 4003 769 4061 16,
784 4003 826 4051 tl.
846 4020 909 4052 areu
922 4005 995 4050 beuta
1006 4004 1125 4050 Petamus
1137 4019 1200 4052 nreu
1210 4012 1256 4054 cet.

133 4079 194 4131 955.
214 4081 352 4140 imbrisque
368 4086 405 4124 est
419 4081 539 4136 scriptura
554 4078 632 4133 cdd„
646 4078 719 4122 etiam
730 4076 760 4126 C.
773 4075 805 4121 E.
826 4077 886 4121 ilinc
902 4075 1033 4120 dubitatum
1049 4079 1086 4120 eet
1101 4079 1180 4120 utrum
1192 4080 1258 4122 esset

130 4154 208 4215 gerit.
222 4153 329 4210 singul„
345 4164 375 4194 an
388 4163 470 4195 accus.
484 4151 549 4206 plur.
568 4149 619 4192 lloc
634 4150 750 4204 praestat.
789 4141 849 4192 957.
868 4141 1253 4192 aciliuntexbibentPius-llss.

131 4223 248 4270 sciebant
263 4222 341 4268 codd.
356 4209 413 4280 aliq.
427 4220 458 4266 C.
471 4219 502 4266 E.
513 4221 593 4275 Vem,
612 4219 672 4266 unde
687 4216 757 4263 ssnxit
766 4215 845 4264 inanis
857 4217 901 4264 W.
915 4217 978 4264 roni.
994 4216 1110 4262 scierunt
1118 4215 1148 4260 ab
1160 4215 1254 4262 Eiebst.
1348 4253 1353 4266 .

129 4297 236 4340 retenta.
