2782 4762
129 346 221 407 Haec
245 341 417 406 Calabrum
442 339 531 403 coxit
554 338 665 402 vitiato
690 337 808 401 murice
831 338 952 412 vellus3

129 448 221 508 Haec
244 447 373 506 baccam
397 444 539 505 conchae
561 442 676 504 rasisse
700 454 730 502 et
752 440 910 525 stringere
934 461 1030 504 venas

129 547 306 612 Ferventis
331 568 451 609 massae
474 547 574 607 crudo
598 548 635 606 de
658 545 791 626 pulvere
814 543 916 605 iussit.

130 653 250 714 Peccat
273 661 303 711 et
325 651 420 724 haec,
446 659 578 730 peccat:
605 647 685 710 vitio
709 659 810 709 tamen
835 646 946 709 utitur.
991 649 1038 711 At
1061 668 1119 710 vos

130 753 254 827 Dicite,
279 751 466 832 pontifices,
491 751 522 812 in
544 771 638 812 sacro
662 748 737 833 quid
759 748 837 810 facit
859 749 995 811 aurum?

130 858 255 936 Nempe
279 855 359 928 hoc,
386 855 473 937 quod
489 835 619 915 ¹Veneri
643 855 778 914 donatae
802 873 817 912 a
845 852 969 936 virgine
991 872 1131 934 puppae.

132 957 217 1036 Quin
241 960 348 1018 danius
371 956 403 1017 id
425 953 572 1036 superis,
599 957 636 1016 de
660 976 773 1037 magna
798 957 883 1036 qtiod
907 957 983 1017 dare
1007 955 1096 1018 lance

131 1061 207 1123 Non
231 1042 334 1140 possit
357 1057 465 1141 magni
488 1057 650 1120 Messalae
674 1057 761 1138 lippa
784 1078 956 1142 propago:

132 1160 355 1242 Compositum
379 1160 428 1222 ius
451 1160 564 1241 fasque
587 1159 692 1221 animo
716 1171 908 1240 sanctosque
931 1156 1078 1222 reces'sus

131 1264 263 1326 Mentis.
277 1275 307 1323 et
329 1263 491 1324 incoctum
515 1281 675 1344 generoso
698 1273 809 1342 pectus
833 1262 989 1325 honesto:

81 1363 88 1375 '
131 1365 223 1427 Haec
246 1367 346 1438 cedo,
372 1377 405 1426 ut
429 1366 614 1426 admoveam
637 1364 782 1444 templis,
808 1374 840 1425 et
862 1363 948 1427 farre
971 1365 1083 1428 litabo.

492 1589 667 1653 SATIRA
699 1589 891 1653 TERTIA.

174 1733 319 1810 „Nempe
342 1731 405 1792 hoc
427 1727 574 1790 assidue?
598 1729 664 1791 Iam
687 1729 807 1790 clarum
832 1749 920 1790 manc
942 1728 1100 1791 fenestras

131 1837 235 1897 intrat
258 1843 290 1895 et
312 1843 462 1916 angustas
485 1831 627 1893 extendit
649 1830 765 1892 lumine
787 1829 896 1892 rimas.

133 1937 319 2010 Stertimus,
344 1932 530 1998 indomitum
554 1935 641 2016 qnod
664 1936 849 2014 despumare
873 1930 1045 1994 Falernum

132 2037 292 2112 Sufficiat,
319 2036 427 2121 quinta
453 2039 524 2097 daim
547 2034 627 2096 linea
650 2035 793 2118 tangitur
816 2037 940 2096 uinbra.

131 2141 182 2201 En
210 2139 288 2222 quid
310 2138 400 2221 agis?
424 2137 532 2200 Siccas
555 2137 663 2201 insana
687 2137 828 2198 canicula
853 2157 969 2199 messes
1237 2141 1256 2202 5

130 2242 200 2303 Iam
224 2243 339 2302 dudmn
364 2240 474 2323 coquit
496 2250 527 2301 et
549 2240 655 2321 patula
679 2261 778 2321 pecus
802 2260 895 2301 omne
918 2242 977 2300 snb
1001 2240 1086 2303 ulmo
1110 2240 1193 2303 est.'’

132 2344 223 2406 Unus
247 2342 290 2404 ait
312 2341 476 2406 comitum.
500 2378 540 2387 -
565 2341 779 2414 „Verumne?
801 2341 911 2404 itane?
935 2341 1025 2404 ocius
1048 2343 1129 2404 adsit

140 2603 142 2605 ,
203 2560 244 2608 65.
264 2560 327 2606 liuee
353 2563 443 2606 Omnes
473 2564 529 2609 mei.
596 2560 637 2607 69.
658 2561 808 2606 -Disce'te
831 2565 863 2607 V.
920 2563 955 2606 th.
976 2564 1003 2608 in
1022 2561 1108 2623 suero]
1126 2567 1157 2609 V.
1178 2564 1257 2609 -a'n

132 2638 219 2677 sancto
234 2632 356 2675 TREAM.
378 2654 408 2664 -
428 2633 455 2675 iu
473 2633 558 2676 coeris
581 2632 610 2679 F.
631 2655 654 2664 -
676 2632 816 2675 inconcus
835 2632 863 2676 F.
883 2655 909 2665 -
928 2633 956 2675 in
974 2634 1064 2690 templo
1086 2635 1111 2677 S.
1132 2634 1166 2690 (et
1181 2635 1212 2678 tt.
1233 2636 1256 2678 in

130 2701 223 2761 marg.)
260 2702 323 2756 (Cir.
343 2702 463 2745 Victoria.
482 2703 506 2745 in
534 2702 585 2745 Cic.
609 2701 679 2744 Rhet.
703 2700 757 2744 Lib.
785 2698 810 2746 2.
840 2715 863 2755 p.
889 2698 948 2744 218.
977 2702 1053 2757 Capp.
1074 2702 1117 2760 qui
1139 2717 1200 2748 eoae
1222 2718 1256 2747 ex

126 2771 229 2829 privato
248 2784 325 2815 auem
347 2771 475 2828 surripuit
494 2771 532 2814 cel
552 2772 580 2813 de
600 2783 669 2814 sacro
684 2767 809 2826 privato.)
860 2766 902 2814 li.
922 2793 955 2803 -
974 2769 1063 2815 desnos
1084 2772 1110 2815 S.
1161 2769 1202 2817 72.
1226 2795 1255 2805 -

130 2841 250 2884 mesaulle
268 2840 298 2883 Α.
338 2837 379 2884 73.
401 2839 495 2898 aniano]
515 2840 576 2882 Cod.
595 2840 687 2883 Ehuer.
708 2853 769 2894 rptv.
793 2858 825 2873 ·-
844 2840 924 2883 aniani
949 2840 1039 2884 Omnes
1064 2841 1120 2885 mei.
1160 2839 1201 2885 75.
1224 2865 1256 2875 -

130 2908 264 2953 admoveas
282 2909 312 2952 E.
334 2909 373 2967 (ln
392 2911 418 2955 S.
438 2922 560 2966 superscr.
579 2915 605 2952 ut
622 2907 756 2964 moveam.)
792 2908 828 2952 ib.
852 2931 881 2940 -·
901 2909 971 2954 tituto
989 2910 1020 2953 E.
1041 2933 1075 2942 -
1094 2909 1177 2954 libabo
1195 2911 1255 2954 alias

130 2977 209 3022 litabo
228 2979 258 3021 T.

203 3049 320 3112 SATIR&
338 3049 383 3092 ltt.
423 3045 446 3092 1.
473 3045 528 3106 hoc]
557 3049 609 3092 ΤΑ.
631 3043 743 3089 -boec
764 3047 885 3092 ttvEsut.
933 3045 959 3092 2.
979 3070 1013 3084 -
1031 3047 1140 3092 ostendit
1156 3048 1254 3092 TESM.

133 3113 157 3163 5.
179 3117 270 3162 -‘u1'-a
289 3118 341 3162 ΤΕ.
382 3115 405 3162 6.
476 3117 522 3161 eub
539 3119 606 3161 ulmo
624 3131 673 3160 om.
693 3122 731 3160 eat
748 3117 801 3163 Tv.
841 3114 865 3160 7.
887 3141 918 3150 -
937 3117 992 3162 ι’ἱαη
1010 3117 1127 3163 herveius
1145 3115 1204 3176 (sie)
1223 3120 1253 3163 V.

132 3212 164 3221 —
184 3189 250 3231 ussit
268 3188 338 3232 Tus.

136 3289 283 3300 u—-u—

203 3347 243 3394 65.
263 3347 296 3392 Et
308 3347 442 3392 calabrum
455 3364 476 3393 r.
516 3348 557 3394 69.
577 3351 745 3394 inaunetoi’.
780 3347 823 3425 63.
844 3350 925 3394 aniani
939 3351 970 3395 P.
1003 3347 1045 3395 ll.
1065 3363 1216 3409 generosum
1230 3365 1253 3406 p.

136 3449 285 3463 ——d

201 3508 243 3555 70.
271 3509 387 3554 Donutue
407 3525 422 3552 u
446 3511 545 3569 uirgine
561 3510 671 3570 poppae]
697 3513 812 3555 Sciebant
829 3512 951 3570 virgines,
972 3516 1099 3567 antequam
1120 3511 1254 3565 nuberent,

130 3582 246 3634 quaedam
272 3580 416 3637 virginitatis
438 3593 494 3623 suae
522 3582 584 3624 dona
608 3581 698 3625 Veneri
724 3595 878 3625 consecrare.
923 3581 974 3625 Hoc
1004 3586 1027 3623 et
1050 3583 1130 3623 Varro
1160 3582 1255 3625 scribit.

132 3644 174 3690 72.
194 3647 323 3692 Messalae
341 3648 411 3705 lippe
426 3649 553 3708 propago]
573 3650 668 3694 Cottam
686 3651 844 3694 Messalinum
863 3650 936 3704 dicit,
958 3650 997 3706 qui
1016 3655 1064 3692 tam
1082 3650 1183 3693 vitiosos
1200 3664 1256 3694 ocu-

130 3718 168 3758 los
187 3719 210 3760 in
228 3723 348 3761 senectute
371 3718 469 3772 habuit,
504 3723 528 3761 nt
547 3720 673 3772 palpebrae
695 3717 746 3762 eius
768 3720 792 3763 in
814 3720 961 3763 exteriorem
984 3724 1075 3774 partem
1093 3724 1255 3763 verterentur.

130 3786 174 3828 Hic
194 3787 222 3829 ab
247 3788 347 3839 Aure&
372 3788 441 3830 Cotta
469 3788 594 3840 adoptatus
619 3788 732 3832 Aurelius
751 3790 872 3832 Maximus
891 3788 1031 3842 dicebatur,
1064 3789 1183 3846 originem
1209 3795 1257 3832 tra·

130 3855 190 3898 heus
205 3856 234 3900 ab
253 3856 354 3900 Arrrelio
376 3857 496 3902 Messala.
517 3857 555 3912 qui
575 3858 654 3901 sexies
677 3859 726 3911 (Sic
745 3859 813 3902 Reiz.
831 3858 883 3901 Cir.
903 3859 1058 3902 Atmeloveen
1082 3858 1169 3901 Festos
1191 3860 1220 3902 ud
1233 3874 1255 3902 a.

132 3939 156 3968 u.
178 3939 200 3967 c.
221 3922 280 3969 455.
301 3950 333 3958 —
353 3926 444 3981 septies
463 3926 527 3969 Puh.
576 3927 690 3971 Ceterum
708 3941 791 3970 rerum
811 3928 862 3970 eius
884 3941 988 3981 nomen,
1010 3932 1036 3970 ut
1054 3941 1136 3971 omnes
1159 3933 1256 3981 norunt,

131 3998 168 4037 est
187 3995 223 4037 Μ.
243 3994 356 4038 Valerius
377 3994 505 4050 Corvusz)
525 3995 569 4038 tuit
588 3998 680 4040 consul.
719 3997 763 4052 Qui
783 4011 855 4053 quoru
873 4011 887 4038 a
908 3999 1010 4052 quodam
1029 3996 1099 4040 Gallo
1121 3999 1149 4040 ad
1173 4011 1257 4040 mono·

130 4063 248 4106 machiam
267 4064 289 4106 in
319 4065 411 4118 praelio
436 4069 575 4118 vocaretur,
608 4079 694 4109 corvus
713 4079 785 4120 supet·
808 4067 902 4123 galeam
922 4065 945 4108 in
965 4066 1042 4120 capite
1061 4067 1113 4110 eius
1132 4068 1207 4120 sedit,
1234 4070 1258 4108 et

129 4133 193 4174 victo
212 4133 279 4176 hoste
300 4133 419 4176 Corvinus
437 4139 535 4176 vocatus
554 4139 599 4177 est.

201 4202 325 4245 sartan.
347 4202 391 4245 ttl.
432 4201 455 4246 1.
478 4203 543 4245 Hanc
559 4204 656 4247 satiram
679 4207 749 4258 poeta
769 4216 797 4247 ex
816 4203 902 4247 Lucilii
924 4203 987 4246 libro
1010 4209 1096 4260 quarto
1119 4204 1255 4256 transtulit,

131 4270 270 4328 dastigautis
289 4273 387 4313 diuitum
406 4273 524 4315 luxuriam
544 4277 567 4314 et
585 4273 651 4315 uitia.
