2782 4762
129 336 274 403 Pristioa
293 337 439 404 maiestas
461 335 618 403 soliorum
639 346 672 401 et
689 344 817 418 sceptra
838 333 997 415 superba;

129 434 176 505 Et
192 440 313 525 ‘capitis
335 441 448 505 summi
469 439 670 525 praeclarum
693 437 818 522 insigne
839 447 1006 500 cruentum

131 543 200 605 Sub
218 542 354 626 pedibus
376 540 469 628 volgi
488 563 638 625 magnum
656 541 788 625 lugebat
808 538 987 604 honorem:

130 646 215 708 Nam
240 643 355 728 cupide
377 644 586 710 conculcatur
606 641 699 707 nimis
719 653 791 706 ante
812 653 979 706 metatum.

196 751 265 813 Res
287 747 394 833 itaque
420 749 461 810 ad
482 768 632 811 summam
654 747 778 809 faecem
796 749 970 831 turbasque
991 744 1135 822 redibat,
1168 744 1252 807 1110

131 850 309 934 Imperium
330 848 392 913 sibi
414 870 513 935 quom
533 871 571 913 ac
594 860 780 912 summatum
803 847 938 935 quisque
960 849 1101 930 petebat.

131 957 212 1019 Inde
232 952 453 1038 magistratum
472 952 589 1035 partim
614 956 754 1016 docuere
774 974 887 1016 creare

131 1059 274 1142 luraque
296 1054 513 1132 constituere,
535 1067 570 1118 ut
592 1055 711 1118 vellent
729 1054 857 1139 legibus
878 1053 936 1118 uti.

131 1163 218 1225 Nam
241 1181 340 1244 genus
361 1160 532 1222 humanum
555 1160 711 1223 defessum
735 1157 767 1221 vi
790 1159 900 1222 colere
919 1178 1032 1221 aevom

91 1297 94 1301 .
132 1264 188 1327 Ex
210 1261 388 1327 inimicitiis
410 1262 600 1346 languebat;
623 1284 689 1344 quo
712 1259 813 1346 magis
833 1260 937 1344 ipsum
1172 1258 1253 1320 1115

133 1369 259 1448 Sponte
281 1387 337 1428 sua
359 1364 475 1430 cecidit
492 1368 551 1428 sub
573 1366 662 1449 leges
685 1376 817 1450 artaque
835 1365 920 1428 iura.

132 1467 255 1533 Acrius
280 1490 322 1532 ex
343 1467 392 1532 ira
411 1471 500 1555 quod
519 1467 602 1533 euim
625 1490 658 1532 se
680 1467 816 1554 quisque
837 1469 972 1550 parabat

133 1569 276 1647 Ulcisci,
298 1593 392 1657 quam
413 1593 497 1634 nunc
518 1583 737 1637 concessumst
757 1569 883 1655 legibus
905 1567 1034 1656 aequis,

133 1677 231 1738 Hauc
253 1676 297 1738 ob
319 1696 388 1738 rem
409 1685 457 1738 est
476 1673 622 1738 homines
648 1686 828 1756 pertaesum
850 1672 884 1737 vi
907 1673 1017 1737 colere
1040 1693 1167 1736 aevom.

133 1779 216 1842 Inde
238 1788 339 1841 metus
362 1777 498 1840 maculat
519 1798 696 1860 poenarum
715 1775 857 1859 praemia
878 1776 977 1840 ritae.
1171 1774 1255 1837 1150

136 1879 350 1947 Circumretit
371 1881 453 1944 enim
474 1879 524 1944 vis
543 1892 638 1965 atque
659 1879 775 1942 iniuria
794 1901 952 1965 quemque

136 1985 265 2069 Atque,
287 1986 370 2047 unde
393 1994 553 2060 exortast,
577 1985 709 2046 adeum
732 1983 920 2067 plerumque
939 1979 1099 2058 revortit;

135 2090 208 2152 Nec
230 2085 356 2150 facilest
377 2085 535 2169 placidam
558 2108 596 2149 ac
615 2097 760 2168 pacatam
778 2089 896 2170 degere
917 2083 1032 2162 vitam,

137 2191 203 2272 Qui
225 2188 326 2254 violat
348 2189 444 2253 factis
466 2189 645 2254 communia
669 2189 803 2253 foedera
822 2187 925 2271 pacis.

135 2293 210 2358 Etsi
231 2293 315 2357 fallit
335 2292 419 2356 enim
443 2292 552 2356 divom
573 2314 673 2377 genus
692 2294 944 2378 humanumque,
1176 2288 1256 2351 1155

136 2399 303 2480 Perpetuo
325 2405 431 2459 tamen
453 2394 487 2459 id
505 2396 580 2460 fore
602 2395 682 2459 clam
706 2395 847 2458 diffidere
871 2398 987 2459 debet:

138 2499 270 2582 Quippe
288 2498 345 2562 ubi
367 2521 400 2563 se
424 2497 533 2562 multci
547 2505 611 2582 'per
630 2497 752 2563 somnia
773 2520 868 2582 saepe
891 2499 1059 2584 loquentes

137 2604 207 2667 Aut
227 2605 344 2667 morbo
368 2601 539 2666 delirantes
559 2612 717 2684 protraxe
741 2602 887 2665 ferantur

137 2708 183 2770 Et
204 2705 306 2769 celata
323 2705 377 2768 diu
398 2704 431 2768 iu
453 2705 592 2769 medium
611 2715 743 2787 peccata
763 2703 901 2768 dedisse.

203 2813 298 2874 Nunc
318 2830 399 2896 quae
415 2830 524 2872 caussa
539 2813 632 2872 detlm
649 2830 710 2891 per
730 2829 861 2892 magnas
875 2807 1001 2871 numina
1019 2805 1142 2891 geuteis
1174 2805 1258 2866 1160

138 2911 352 2997 Pervolgarit
373 2924 404 2975 et
424 2934 551 2974 ararum
575 2909 788 2994 compleverit
809 2909 917 2974 urbeis

139 3014 414 3101 suscipiendaque
435 3014 555 3078 curarit
573 3013 738 3079 sollemnia
760 3036 868 3090 sacra,

139 3120 232 3201 Quae
255 3140 338 3182 nunc
359 3117 392 3180 iu
413 3116 535 3202 uiagnis
557 3117 675 3181 florent
698 3127 778 3180 stata
801 3117 890 3181 rebu'
912 3117 1078 3204 locisque:

132 3303 263 3349 ⁴etantium.
303 3299 379 3348 1111.
392 3302 491 3346 vincere
501 3302 577 3346 Codd.
586 3301 668 3356 (etiam
677 3300 721 3357 Ε.)
729 3302 790 3348 Ε11.
802 3308 860 3348 vett.
875 3303 939 3346 Unus
947 3301 1014 3346 eod:
1028 3320 1063 3334 -·
1073 3301 1167 3362 vigere.
1179 3303 1260 3346 Voss:

139 3398 173 3409 -
193 3373 218 3417 01
232 3386 322 3433 gerere
339 3373 409 3429 prob.
421 3374 463 3416 W.
486 3394 515 3404 -
536 3373 561 3416 rr'
575 3373 658 3417 colere
679 3378 705 3415 ut
725 3387 748 3417 v.
765 3369 840 3419 1119.
853 3372 881 3417 C.
894 3373 939 3416 Ar.
952 3372 982 3415 11.
1003 3395 1035 3405 -
1055 3370 1089 3425 (01
1103 3377 1185 3414 terere
1204 3368 1263 3425 W.)

141 3440 219 3490 1150.
240 3442 303 3487 unde
322 3444 352 3487 Α.
367 3443 441 3488 Ι..11.
486 3439 562 3488 1155.
581 3439 764 3502 hornantlmque
781 3444 823 3487 W.
841 3443 978 3487 coniectura
993 3441 1068 3485 inani.
1107 3436 1184 3484 1158.
1202 3453 1262 3496 pro-

139 3520 217 3558 traxe
232 3512 308 3557 Codd.
328 3514 390 3557 Edd.
408 3516 466 3556 vett.
484 3512 514 3555 Α.
536 3534 565 3545 ·-
582 3525 719 3571 progroxe
737 3513 782 3556 Ar.
801 3533 836 3545 -
853 3525 986 3570 procreare
1008 3526 1021 3554 a
1040 3504 1151 3578 κράζω,
1172 3510 1193 3553 si
1209 3510 1263 3552 Diis

139 3585 232 3640 placet,
250 3583 278 3627 L.
294 3584 323 3627 11.
363 3579 438 3626 1163.
454 3581 549 3642 florent
566 3596 643 3627 socru
661 3583 736 3626 rebus
754 3583 865 3639 locisque
883 3583 959 3626 Codd.
974 3581 1036 3624 Eud.
1050 3585 1109 3627 vett.
1129 3579 1161 3623 A.
1180 3579 1208 3622 Ι..
1231 3579 1264 3623 ll.

139 3656 183 3700 W.
205 3654 332 3710 inquibus
352 3666 497 3711 magnopere
523 3653 621 3696 offendit
645 3653 737 3710 ingrata
761 3652 875 3706 repetitio
897 3652 1007 3696 vocabuli
1031 3662 1121 3702 coerce,
1152 3649 1265 3702 diversa,

140 3725 248 3782 quamvis
267 3737 342 3781 aeque
362 3724 484 3782 legitima,
511 3724 600 3777 primae
620 3723 725 3776 syllabae
745 3723 886 3779 quantitate.
917 3724 993 3767 Deest
1011 3733 1088 3764 sacro
1106 3733 1145 3773 ap.
1167 3719 1213 3763 Ar.
1232 3718 1263 3762 P.

136 3794 232 3858 florent
249 3793 372 3851 rebusque
390 3793 510 3851 lorisque.
541 3793 591 3837 Nos
617 3794 645 3837 de
669 3794 767 3847 propria
792 3793 855 3836 coni.
881 3793 1052 3848 rescripsimus
1072 3794 1149 3834 stato.
1178 3790 1264 3846 Piutgs

141 3866 237 3923 quidem
256 3869 280 3908 et
298 3863 373 3908 Forb.
394 3877 470 3907 ineam
489 3864 552 3907 coni.
573 3863 717 3906 reiecerunt.
748 3863 793 3906 Sed
813 3863 911 3906 omuino
929 3862 992 3906 mira
1004 3865 1131 3917 paupertas
1146 3860 1267 3904 sermonis

141 3937 205 3980 inest
222 3935 246 3978 in
264 3936 347 3992 vulg„
376 3935 468 3978 utrovis
486 3935 557 3976 niodo
577 3938 721 3977 construas:
753 3932 900 3986 „sollemnia
920 3945 1006 3986 sacra,
1037 3943 1097 3988 quae
1116 3942 1185 3974 sacra
1203 3942 1266 3973 nuuc

140 4005 271 4050 florentin
290 4006 383 4063 magnis
401 4005 474 4049 rebus
493 4003 594 4057 publicis
613 4007 683 4060 atque
702 4002 837 4046 urbibos'':
857 4002 896 4058 qui
912 4006 949 4046 ost
963 4014 1043 4045 00000
1055 4013 1123 4044 mere
1135 3999 1264 4055 pedestris,

142 4079 208 4120 sive:
229 4088 332 4129 „sacra,
353 4090 412 4133 quae
433 4088 494 4118 nunc
513 4074 536 4117 in
554 4075 647 4131 magnis
666 4071 801 4117 civitatibus
819 4071 909 4116 florent
926 4084 994 4114 sacra
1013 4062 1132 4127 ὅντα”;,
1152 4071 1271 4116 intolera-

141 4147 185 4190 bili
204 4147 354 4200 pleonasmo.
391 4145 428 4189 Eo
454 4149 533 4189 autem
559 4145 636 4201 magis
661 4143 718 4187 mihi
738 4155 881 4198 persuasum
898 4145 935 4185 est
952 4141 1029 4196 ipsam
1047 4139 1162 4185 Lucretii·
1172 4152 1269 4186 manum

141 4231 157 4260 a
174 4228 213 4260 rue
231 4216 370 4261 restitutam
389 4228 458 4265 esse,
488 4214 550 4272 quod
569 4213 656 4271 ubique
675 4213 735 4257 hanc
753 4211 949 4257 cousuetudinem
968 4210 1080 4268 loquendi
1099 4210 1214 4266 reperio,
1244 4212 1271 4253 ut

143 4287 272 4346 iungantur
290 4285 424 4332 sollemnia
441 4290 466 4333 et
484 4288 551 4330 stuta
569 4296 656 4332 sacra.
675 4283 763 4330 Cicero
781 4277 989 4339 Το0001.1,19·.
1007 4281 1128 4327 sollemne
1140 4283 1271 4327 arvernum
