2782 4762
108 167 169 231 ss
230 128 236 141 ’

128 323 262 390 Destitit
282 334 317 388 ut
337 323 450 389 mulier
472 322 578 408 spatio
601 325 725 390 defessa
745 336 888 392 vetusto.

128 429 238 495 Mutat
260 426 342 492 enim
366 427 474 491 mundi
493 438 637 491 naturam
658 427 757 493 totius
779 439 864 492 aetas

127 533 183 595 Ex
208 530 336 617 alioque
358 530 439 594 alius
458 541 557 594 status
579 530 730 613 excipere
752 530 858 596 omnia
878 533 973 595 debet

127 636 199 697 Nec
218 645 322 697 rnanet
341 633 404 696 ulla
424 633 473 697 sui
493 631 605 698 similis
624 654 696 697 res:
724 632 830 698 onmia
852 633 1010 719 migrant,

129 736 245 803 Omnia
266 747 440 800 commutat
459 738 584 800 Natura
606 747 637 800 et
662 747 795 801 vortere
820 735 924 821 cogit.

126 841 274 926 Namque
293 838 379 903 aliud
396 838 552 922 putrescit
574 850 605 903 ct
626 860 708 903 aevo
731 838 835 903 debile
856 839 1008 924 languet:
1187 836 1250 899 830

130 943 244 1007 Porro
265 941 352 1005 aliud
375 940 558 1006 concrescit
580 952 611 1005 et
631 963 649 1006 e
669 940 907 1024 contemptibus
926 941 1007 1005 exit.

126 1044 182 1109 Sic
201 1043 302 1129 igitur
324 1044 431 1106 mundi
453 1055 597 1108 naturam
618 1043 718 1108 totius
740 1056 826 1108 aetas

128 1149 239 1211 Mutat
261 1158 355 1210 etex
376 1145 441 1210 alio
462 1158 581 1209 terram
604 1157 702 1236 status
727 1145 850 1229 excipit
871 1146 971 1210 alter:

130 1250 229 1329 Quod
250 1248 372 1333 potuit,
396 1260 551 1335 nequeat;
574 1248 695 1332 possit,
718 1253 807 1336 quod
831 1271 896 1314 non
918 1248 991 1313 tulit
1014 1259 1099 1312 ante.

193 1353 365 1436 Multaque
385 1362 451 1414 tum
473 1351 566 1415 tellus
587 1350 681 1415 etiam
704 1363 854 1435 portenta
878 1374 989 1416 creare
1188 1349 1249 1416 835

130 1454 307 1530 conatast,
331 1453 411 1519 mira
432 1453 516 1518 facie
538 1453 753 1540 membrisque
776 1466 910 1531 coorta;

129 1559 365 1642 Androgynen
385 1556 469 1622 inter
490 1568 577 1619 utras
599 1579 658 1620 nec
675 1568 841 1642 utramque
857 1568 888 1621 et
900 1557 1048 1644 utrinque
1064 1567 1242 1621 remotum:

131 1661 223 1725 Orba
242 1662 358 1742 pedum
381 1659 515 1742 partim,
540 1680 684 1721 manuum
710 1659 837 1722 viduata
855 1659 1017 1735 vicissim3

130 1763 227 1826 Muta
247 1761 314 1825 sine
337 1783 395 1826 ore
417 1761 528 1839 etiam,
552 1761 618 1826 sine
645 1762 734 1827 voltu
757 1784 851 1826 caeca
871 1773 1018 1847 reperta3

130 1863 314 1950 Vinctaque
337 1868 554 1930 membrorum
577 1876 759 1949 pertotum
783 1888 902 1949 corpus
925 1868 1082 1929 adhaesu:
1187 1864 1250 1928 840

130 1969 202 2031 Nec
225 1967 334 2032 facere
355 1979 390 2031 ut
411 1979 543 2051 possent
565 1969 739 2055 quidquam
762 1990 822 2032 nec
844 1972 958 2032 cedere
981 1989 1144 2053 quoquam

131 2072 203 2135 Nec
225 2069 328 2134 vitare
347 2070 461 2133 malum
481 2092 700 2147 persumere,
724 2075 812 2156 quod
837 2071 924 2136 volet
943 2094 1030 2135 usus.

197 2173 315 2238 Cetera
338 2176 376 2237 de
395 2194 513 2256 genere
530 2175 597 2237 hoc
611 2184 762 2236 >monstra
785 2194 823 2236 ac
841 2185 992 2256 portenta
1014 2177 1165 2255 creabatr

131 2274 376 2362 Nequidquam
399 2273 550 2362 quoniam
571 2276 695 2338 Natura
718 2275 892 2339 absterruit
911 2288 1058 2341 auctum:

130 2380 203 2443 Nec
224 2389 361 2461 potuere
384 2377 524 2461 cupitum
547 2376 658 2442 aetatis
679 2388 812 2463 tangere
833 2378 949 2443 florem
1191 2379 1251 2444 845

132 2482 204 2545 Nec
225 2479 371 2564 reperire
393 2479 501 2546 cibum
520 2501 580 2545 uec
603 2479 694 2565 iungi
710 2502 770 2564 per
789 2481 928 2547 Veneris
949 2505 1014 2547 res.
1137 2467 1143 2473 ¹

137 2584 262 2661 Multa,
286 2581 447 2661 videmus,
470 2581 552 2647 enim
573 2585 671 2648 rebus
694 2596 892 2649 concurrere·
912 2587 1045 2662 debent,

132 2687 179 2753 Ut
197 2688 413 2771 propagando
436 2684 562 2769 possint
583 2688 766 2769 procudere
786 2688 885 2753 secla.

133 2788 260 2855 Pabula
281 2789 420 2873 primum
441 2800 477 2853 ut
499 2787 583 2866 sint3
606 2788 758 2875 genitalia
781 2789 893 2855 deiude
915 2813 975 2873 per
997 2801 1085 2856 artus

132 2892 274 2971 Semina,
296 2914 377 2979 quae
399 2890 524 2976 possint
546 2891 698 2957 membris
713 2914 840 2961 manare
862 2893 1023 2973 remissis,
1193 2895 1254 2961 850

130 3145 133 3152 '
186 3139 247 3188 834.
267 3139 333 3202 quod
350 3141 420 3198 tutte,
441 3147 468 3188 ut
485 3149 590 3204 nequeat
604 3144 683 3190 Bentl.
722 3140 782 3192 837.
801 3141 988 3205 Androgynum
1004 3145 1071 3190 inter
1090 3151 1188 3204 ute-run,
1208 3161 1253 3192 nec

133 3217 264 3272 utrumque
280 3218 305 3256 et
323 3212 438 3271 utrinque
459 3213 491 3259 tt.
522 3215 584 3259 Cum
596 3215 639 3262 W.
654 3214 731 3259 Codd.
747 3219 771 3260 et
780 3214 841 3261 Cod.
855 3220 913 3260 velt.
928 3216 996 3273 sequi
1008 3217 1136 3262 maluimus
1149 3218 1252 3263 inversu

132 3295 146 3328 e
168 3281 277 3337 Graeco,
308 3283 332 3326 ni
350 3282 437 3339 fallor,
455 3283 521 3328 fonte
542 3284 604 3328 baud
623 3285 695 3329 nimis
715 3284 820 3343 feliciter
836 3286 946 3340 detorto,
971 3286 1044 3330 veluti
1062 3301 1124 3332 nuuc
1136 3288 1255 3332 succurrit

133 3351 223 3408 orphet
242 3352 330 3407 llymu.
345 3348 393 3406 tl,
412 3348 438 3397 4.
463 3344 577 3423 ἄρσενα
594 3351 647 3402 καὶ
663 3349 771 3417 δῆλον,
790 3350 882 3418 διφυῆ
901 3349 1022 3404 λύσειον
1033 3348 1163 3417 Ἴακχον.
1184 3359 1251 3406 Brtx.

132 3420 260 3468 coufirmat
276 3422 319 3467 W.
349 3421 475 3482 utrinque.
493 3422 565 3467 Libb.
594 3428 725 3483 utrumque
740 3425 778 3469 vcl
794 3429 926 3482 utrunque.
962 3425 1075 3480 Spurium
1092 3428 1255 3473 iudicaverunt

132 3492 372 3539 minusculum.
401 3491 517 3548 Explica:
544 3491 750 3551 „Androgyuem
778 3498 889 3540 ueterem
912 3495 975 3540 inter
994 3500 1060 3540 utras
1078 3498 1138 3542 velis
1157 3503 1253 3542 naturas

132 3563 229 3608 virilem
248 3577 276 3607 ec
293 3560 436 3607 muliebrem
456 3564 574 3618 positam,
600 3577 644 3608 nee
663 3569 741 3608 tamen
760 3568 885 3622 utramque
903 3555 1044 3626 (οὖσαν),
1073 3569 1114 3612 sed
1132 3581 1205 3626 aeque
1223 3567 1253 3611 ab

134 3637 234 3691 utraque
246 3632 389 3677 remotam.”
402 3631 516 3677 Celerum
526 3633 627 3682 ecclc·
635 3634 725 3678 inserul
735 3639 773 3690 et,
787 3635 849 3693 quod
857 3649 870 3677 a
878 3635 920 3679 W.
929 3637 987 3681 etr.
997 3635 1074 3681 abest.
1112 3633 1172 3682 839.
1187 3636 1253 3681 Libri

132 3707 190 3748 vett.
204 3702 325 3748 universi:
351 3702 440 3748 multa.
459 3708 528 3747 muta
548 3716 578 3748 ει
596 3703 683 3749 Aldina
705 3703 770 3760 (eum
788 3705 862 3756 llav.)
882 3707 975 3761 recepit
990 3705 1033 3752 W.
1067 3706 1192 3752 Pertiuent
1208 3707 1254 3751 hue

132 3785 217 3816 versus
233 3771 386 3828 Empedoclis
402 3784 441 3827 ep.
460 3772 570 3827 Peyron.
593 3787 647 3833 pag.
669 3769 711 3819 Sl.
731 3764 752 3838 ἦ
769 3770 876 3823 πολλαὶ
893 3771 949 3837 μὲν
967 3769 1077 3842 κόρσαι
1095 3770 1255 3837 α’ναύχενες

131 3835 332 3905 ἐβλάστησαν,
346 3839 460 3905 Γυμνοὶ
472 3838 495 3889 d'
507 3838 692 3907 ε’μνλοίζοντο
703 3841 863 3913 βραχίονες
878 3836 990 3906 εὔνιδες
1001 3839 1100 3910 ὤμων,
1113 3839 1255 3911 Ὄμματον

132 3909 157 3958 τ’
170 3905 206 3959 ol’
217 3905 365 3962 ἐπλανᾶτο
378 3907 580 3975 αενηνεύοννα
592 3911 743 3976 μετώπιον.
780 3910 840 3959 8142.
852 3911 927 3974 soret
941 3915 970 3961 L.
984 3917 1015 3961 ll.
1030 3917 1059 3965 l'.
1071 3938 1100 3950 -
1110 3918 1169 3962 cod.
1181 3918 1210 3961 C.
1222 3917 1253 3962 lt.

133 3979 205 4026 volet.
234 3980 350 4025 Futurum
368 3982 441 4026 indic.
460 3982 498 4026 bic
516 3983 556 4028 rix
574 3985 655 4028 locum
667 3984 754 4030 bnbet:
774 3985 827 4029 vide
840 3999 869 4030 nc
881 3985 956 4031 fuerit
967 3987 1026 4031 volit
1038 4000 1083 4042 pro
1095 3989 1170 4040 editt
1182 3983 1256 4045 sorel

133 4063 191 4095 sene
208 4055 275 4095 recle
294 4063 321 4096 se
333 4050 448 4108 haberel;
468 4053 509 4097 sed
523 4053 681 4108 improbabile
694 4059 745 4108 est,
766 4067 795 4098 ex
804 4055 849 4099 hoc
860 4055 950 4100 lactum
963 4070 1016 4102 esse
1029 4058 1101 4104 volet.
1139 4054 1198 4102 tlt.
1213 4056 1256 4101 de·

133 4118 192 4163 bont
205 4131 219 4164 e
232 4118 309 4164 Codd.
329 4120 422 4166 duobus
440 4123 484 4167 W.
503 4120 593 4168 debere
612 4123 699 4180 reliqui
716 4123 801 4178 (etiem
816 4123 859 4180 lt.)
878 4125 977 4173 etEdd.
998 4140 1092 4173 omues.
1112 4128 1172 4181 „sed
1192 4128 1255 4172 istud

133 4189 313 4244 hypermetrum
331 4203 427 4236 carmen
446 4191 471 4236 in
482 4192 623 4238 Lucretium
641 4207 688 4237 nou
706 4198 797 4240 temere
815 4195 959 4251 recipiam.''
977 4198 1019 4243 W.
1050 4198 1146 4242 'l'alinur
1158 4197 1255 4242 delicia-

136 4273 191 4304 rum
210 4264 303 4305 amator
321 4260 345 4306 iu
363 4260 447 4319 primis
466 4267 519 4309 crat
536 4263 660 4320 Gitanius,
680 4264 713 4310 ita
732 4269 758 4310 ut
775 4261 806 4322 2,
820 4261 881 4314 631.
901 4267 1027 4327 legendnm
1045 4272 1205 4325 proponeret:
1222 4291 1256 4303 ·-
