2782 4762
183 195 245 261 378

394 355 495 422 XIV.
530 351 758 432 CHOREAE
782 349 1090 416 MORTUALES.

351 478 525 544 saltemus!
549 474 660 540 Series
682 473 802 559 iungite
824 476 985 537 dexteras.

351 583 418 645 lam
442 582 559 645 Manes
582 577 696 641 dubius
717 588 880 660 provocat
900 579 1088 660 Hesperus,

350 686 417 749 Per
438 686 539 747 nubes
562 682 729 745 tremulum
752 679 893 760 Cynthia
916 679 1057 744 candidis

434 789 560 850 Lumen
584 785 735 849 cornibus
761 784 891 869 ingerit.

351 911 390 973 In
412 909 517 972 lodice
540 928 632 972 senes
655 927 718 969 non
742 907 821 968 bene
844 907 1001 988 pendula,

351 1014 390 1076 In
411 1010 597 1094 ferruginea
621 1010 749 1090 cyclade
774 1008 931 1093 virgines3

329 1117 417 1181 ised
437 1114 521 1198 picta
544 1112 639 1176 violis
663 1132 745 1197 grex
766 1123 856 1175 tener
878 1111 986 1175 instita

433 1218 588 1283 Alternos
610 1215 745 1280 facimus
768 1217 878 1296 pedes.

349 1343 413 1405 ch
434 1352 466 1403 et
487 1339 675 1422 pontificum
699 1338 792 1423 thure
815 1336 1035 1421 fragrantibus

344 1445 419 1510 -Rus
441 1441 582 1526 pastoris
605 1442 695 1505 olens
718 1440 821 1522 pileus
844 1439 973 1517 insulis,

348 1548 395 1613 Et
415 1569 529 1631 regum
553 1542 662 1625 Tyriis
684 1545 818 1627 paenula
844 1545 987 1608 vestibus

435 1650 634 1725 Miscentur,
660 1648 727 1711 sine
748 1647 889 1711 nomine.

348 1774 464 1837 Nullus
487 1775 525 1835 de
548 1772 669 1834 tumulo
693 1769 848 1837 sollicitus
871 1793 931 1833 suo

348 1882 418 1941 Aut
439 1897 576 1958 pompae
598 1875 719 1949 titulis,
743 1873 864 1936 invidet
886 1874 990 1938 alteri.

351 1981 472 2043 Omnes
495 1999 582 2063 mors
606 1976 701 2039 variis
715 1979 848 2051 casibus
872 1978 1002 2054 obruit,

432 2083 533 2147 Nullo
558 2081 672 2144 nobilis
695 2081 819 2144 ordine.

348 2206 454 2271 Nobis
476 2216 587 2269 nostra
610 2217 716 2268 tamen
739 2216 811 2268 sunt
835 2226 964 2289 quoque
987 2204 1109 2280 sidern3

348 2312 411 2374 Sed
432 2310 577 2372 formosa
600 2308 720 2384 minus,
746 2318 820 2370 sunt
843 2308 1008 2390 Zephyri,
1032 2308 1108 2373 licet

347 2413 446 2477 Veris
469 2411 652 2484 dissimiles,
678 2432 818 2496 auraque
842 2411 969 2475 tenuior

433 2514 669 2598 Cupressisque
691 2513 845 2598 frequens
866 2535 988 2579 nemus.

351 2639 383 2703 Ο
406 2639 512 2700 dulces
535 2637 678 2711 animae,
704 2637 767 2700 vita
790 2636 905 2720 quibus
927 2659 985 2699 sna

347 2743 410 2804 Est
432 2752 567 2804 exacta:
592 2739 691 2825 nigris
715 2741 849 2803 sternite
871 2739 1005 2802 floribus

349 2845 454 2926 Quam
477 2846 636 2906 calcamus
658 2846 804 2918 bumum3
828 2845 974 2928 spargite
995 2843 1061 2909 litia

432 2947 546 3011 Fuscis
568 2958 660 3030 grata
682 2946 862 3012 coloribus.

352 3071 461 3153 Aptos
483 3081 518 3131 ut
541 3069 667 3132 choreis
688 3067 852 3133 inserimus
874 3073 988 3153 pedes!

348 3175 394 3238 Ut
415 3174 503 3237 nullo
526 3173 667 3257 quatitur
688 3185 775 3235 terra
798 3173 950 3258 negotio!

347 3277 485 3359 Dempta
507 3277 592 3340 mole
614 3276 703 3338 leves
725 3288 757 3338 et
778 3275 844 3339 sine
866 3280 1011 3360 pondere

433 3381 574 3444 Umbrae
595 3377 731 3443 ludimus
755 3379 857 3443 alites.

350 3504 563 3564 Tercentum
587 3500 684 3563 tacito
709 3523 868 3564 murmure
890 3501 1042 3579 sistimus,

350 3607 417 3667 Ter
439 3625 498 3668 nos
521 3604 667 3686 Elysium
690 3605 843 3669 vertimus
868 3609 906 3669 ad
929 3606 1050 3688 polum.

350 3710 418 3770 Ter
439 3707 544 3771 noctis
565 3700 714 3772 tenebras
738 3709 897 3794 (stringite
918 3708 1049 3791 lumina)

432 3811 571 3875 Pallenti
592 3813 662 3876 sace
685 3813 872 3896 rumpimus.

348 3936 419 4000 Nos
442 3935 623 4020 quicunque
648 3934 735 3998 vides
757 3936 910 4016 plaudere
932 3935 1106 4014 Manibus,

350 4038 500 4103 Cantnbis
523 4037 640 4102 similes
662 4050 697 4100 tn
719 4059 848 4122 quoque
871 4039 1011 4104 naenias.

350 4143 447 4223 Quod
463 4164 546 4205 nnnc
562 4163 614 4219 es,
630 4141 760 4204 luimus.
806 4142 906 4222 Quod
920 4164 1047 4222 sumus,
1064 4144 1128 4209 hoc
1143 4142 1223 4210 eris.
1265 4150 1309 4212 35

434 4244 635 4309 Praemissus
658 4266 791 4328 sequere
814 4258 846 4308 et
869 4248 954 4311 vale.

636 4351 841 4364 ψ
