2782 4762
147 374 258 437 Exeiti
282 376 459 461 voltusque
482 375 511 438 in
536 396 694 438 marmore
717 376 807 436 sudat
828 371 966 436 Elissae.
990 367 997 377 ’

149 476 309 540 Hannibal
334 480 412 539 haee
434 475 539 559 patrio
562 477 649 539 iussu
672 480 713 538 ad
736 473 911 557 penetralia
935 472 1057 548 fertur,

149 577 355 662 Ingressiqne
378 580 504 642 habitus
528 591 623 664 atque
646 599 702 642 ora
726 576 876 660 explorat
899 573 1077 638 Hamilcar.
1213 574 1273 636 100

149 679 223 742 Non
248 679 300 742 ille
323 680 443 744 evantis
467 681 630 760 Massylae
652 681 764 762 palluit
787 679 871 753 iras,

149 781 227 843 Non
250 781 336 845 diros
359 782 468 864 templi
489 782 574 845 ritus
599 803 794 866 aspersaque
818 783 892 843 tabo

150 883 276 946 Limina
299 896 330 948 et
354 885 460 949 audito
484 895 652 969 surgentes
675 884 813 946 carmine
835 883 988 945 flammas.

151 985 217 1049 Olli
242 988 441 1067 permulcens
465 987 593 1072 genitor
617 998 712 1070 eaput
735 986 844 1050 oscula
867 984 945 1046 libat

148 1087 343 1172 Attollitqne
367 1090 488 1153 animos
510 1091 670 1153 hortando
694 1101 725 1151 et
749 1087 864 1151 talibus
886 1086 1016 1168 impleta
1110 1145 1112 1148 .
1212 1086 1272 1149 105

149 1191 261 1260 „Gens
285 1191 423 1254 recidiva
446 1192 614 1275 Phrygum
639 1190 798 1255 Cadmeae
821 1187 931 1270 stirpis
954 1188 1098 1250 alumnos

151 1290 352 1355 Foederibus
376 1314 439 1357 non
464 1314 562 1376 aequa
587 1292 722 1374 premit:
747 1290 775 1354 si
797 1291 862 1353 lata
885 1287 1032 1375 negarint

151 1391 298 1455 Dedecus
321 1394 353 1456 id
374 1393 497 1476 patriae
520 1407 629 1457 nostra
654 1395 813 1476 depellere
837 1395 969 1467 dextra,

150 1494 314 1573 Haeetua
338 1495 488 1571 sitlans,
513 1508 599 1572 nate,
626 1496 723 1558 velis!
758 1496 852 1579 Age,
877 1493 1011 1578 concipe
1034 1493 1118 1557 bella

149 1595 272 1657 Latura
296 1596 425 1659 exitium
449 1597 687 1661 Laurentibus:
712 1599 844 1660 horreat
867 1605 958 1658 ortus
1212 1593 1275 1657 110

149 1695 218 1758 lam
241 1700 343 1778 pubes
367 1701 534 1778 Tyrrhena
557 1711 631 1761 tuos
653 1709 826 1781 partusque
849 1707 997 1759 recusent

152 1799 201 1859 Te
224 1811 392 1882 surgente,
416 1822 516 1882 pncr,
541 1801 658 1863 Latiae
680 1802 860 1882 producere
885 1797 1037 1860 matres.''

191 1899 253 1962 His
277 1900 360 1963 aeuit
382 1902 515 1965 stimulis
539 1903 717 1986 subicitque
739 1903 823 1964 haud
846 1900 951 1962 mollia
975 1899 1082 1962 dicut:

151 2001 343 2073 „Romanos
366 2013 450 2067 terra
474 2015 568 2087 atque
593 2005 702 2079 undis,
727 2003 782 2065 ubi
809 2012 969 2084 competet
991 2014 1096 2079 aetas,

150 2101 256 2165 Ferro
279 2103 409 2187 ignique
432 2091 550 2190 sequar
573 2108 783 2190 eroeteaque
805 2105 869 2168 lata
893 2103 1074 2167 revolvam.
1208 2103 1270 2168 115

152 2204 228 2265 Non
251 2205 361 2287 superi
385 2206 479 2284 mihi,
504 2229 567 2272 non
588 2209 731 2271 Martem
756 2193 936 2270 cohibentia
960 2215 1069 2286 pacta,

152 2306 228 2367 Non
252 2307 354 2370 celsae
378 2307 562 2374 obstiterint
585 2312 685 2392 Alpes
710 2308 912 2393 Tarpeiaque
934 2327 1025 2370 saxa.

151 2408 247 2468 Hane
269 2421 403 2472 mentem
426 2410 499 2476 iuro
524 2414 626 2476 nostri
648 2423 706 2495 per
730 2411 855 2474 numina
878 2409 1011 2485 Martis,

150 2508 216 2571 Per
241 2531 366 2586 manes,
392 2513 524 2597 regina,
549 2514 657 2578 tuos.''
704 2517 796 2577 'stine
820 2512 912 2596 nigra
936 2510 1074 2575 triformi

151 2610 267 2674 Hostia
292 2623 449 2676 mactatur
472 2615 576 2679 Divae
600 2616 780 2700 raptimque
802 2614 939 2678 recludit
1214 2615 1276 2680 120

151 2711 317 2792 Spirantes
339 2727 426 2779 artus
448 2739 586 2799 poscens
608 2739 764 2801 responsa
784 2719 935 2780 sacerdos
987 2777 993 2786 ,

151 2814 202 2875 Ac
224 2813 399 2897 fugientem
424 2818 556 2881 animam
579 2812 763 2902 properatis
786 2819 927 2882 eonsnlit'
944 2817 1039 2882 eatis.

194 2916 257 2978 Ast
279 2918 333 2980 ubi
357 2921 514 3003 quaesitas
538 2921 614 2984 artis
636 2923 674 2984 de
697 2943 786 2985 more
811 2930 937 2983 vetusto

152 3017 290 3080 Intravit
314 3032 433 3084 mentes
456 3026 626 3104 superilm,
651 3023 699 3087 sie
718 3022 830 3086 deinde
852 3022 1021 3104 prolatura

151 3121 315 3191 „Aetolos
338 3123 401 3186 late
423 3124 586 3186 consterni
608 3125 706 3189 milite
729 3145 859 3208 campos

152 3221 316 3306 Idaeoque
339 3224 425 3287 lacus
447 3227 622 3308 flagrantes
646 3228 799 3313 sangnine
822 3246 933 3289 cerno.

154 3322 282 3402 Quanta
306 3327 420 3406 procul
444 3330 544 3391 moles
566 3330 712 3412 seopulis
730 3332 770 3391 ad
792 3327 894 3391 sidera
918 3325 1029 3408 tendit,

154 3421 255 3486 Cuius
278 3424 308 3487 in
333 3426 423 3491 ae'rio
449 3433 584 3509 pendent
605 3443 660 3496 tua
684 3431 804 3496 vertice
827 3432 948 3494 castra!
1065 3424 1066 3427 ¹

154 3524 288 3610 Iamque
310 3527 392 3612 iugis
416 3550 527 3614 agmen
550 3533 691 3616 rapitur,
717 3533 904 3615 trepidantia
929 3533 1051 3596 lumant

152 3626 286 3690 Moenia
310 3640 341 3690 et
364 3631 525 3713 Hesperio
549 3635 640 3699 tellus
661 3648 812 3718 porrecta
835 3637 893 3698 sub
917 3655 977 3696 axe

155 3728 295 3790 Sidoniis
320 3730 405 3793 lueet
426 3732 577 3810 flammis;
613 3738 684 3801 fluit
706 3760 781 3802 eece
803 3749 953 3812 eruentus

154 3829 334 3906 Eridanus,
359 3831 440 3895 iacet
463 3855 521 3917 ore
545 3839 627 3902 truci
650 3847 748 3922 super
771 3828 864 3902 arma'
880 3838 1050 3923 virosque,

155 3929 265 3992 Tertia
290 3930 344 4014 qui
366 3934 477 3998 tulerit
496 3938 638 4003 sublimis
661 3943 765 4024 opima
789 3942 943 4007 Tonanti.

155 4033 247 4094 Heu!
271 4055 424 4115 quaenam
448 4038 561 4102 subitis
584 4043 742 4108 horrescit
764 4045 889 4107 turbida
912 4043 1025 4106 nimbis

158 4137 347 4215 'l'erupestas
370 4149 530 4223 ruptoque
553 4143 631 4224 polo
653 4146 748 4210 micat
769 4146 881 4230 igneus
904 4144 1041 4217 aether?

157 4237 280 4320 Magna
303 4252 418 4320 parant
440 4243 568 4327 superi:
592 4256 681 4313 tonat
703 4249 758 4316 alti
779 4249 867 4334 regia
890 4248 987 4328 caeli,

196 4340 287 4395 aaron·
302 4341 358 4384 na.
373 4345 417 4388 nr.
1024 4351 1064 4417 23
