2782 4762
159 195 218 256 202

159 358 310 422 Athona
334 377 408 439 pars
429 375 599 438 procerum
622 352 718 418 tacita
740 352 852 417 libabit
879 375 1001 417 acerra.
1267 351 1287 413 5

160 461 258 522 Haud
281 459 380 522 cuivis
403 469 585 540 promptum
609 468 656 519 cst
681 478 885 541 murmurque
910 455 1109 537 humilesque
1132 468 1287 518 susurros

162 563 295 626 Tollere
319 564 358 624 de
377 558 501 640 templis
525 571 556 622 et
578 571 690 640 aperto
714 559 826 622 vivere
849 570 943 622 voto.

161 664 279 737 „Mens
295 665 398 737 bona,
416 661 520 736 lama,
537 661 662 723 fidesl”
679 662 813 723 -haec
829 660 915 723 clare
931 668 962 724 ct
976 668 1010 723 ut
1025 660 1129 724 astillat
1144 660 1284 744 hospes:

161 766 223 828 Illa
245 764 306 827 sibi
327 765 500 827 introrsum
524 775 555 825 et
579 763 769 846 sublingua
794 764 1030 826 immurmurat:
1054 765 1108 838 „0
1131 763 1158 826 si

161 867 286 930 Ebullit
308 878 461 948 patruus,
486 865 685 946 praeclarum
708 863 848 927 fnnus!”
873 877 920 928 et:
946 867 1002 940 „Q
1024 867 1051 929 si
1245 867 1287 928 10

161 972 228 1034 Sub
251 980 357 1031 rastro
381 979 492 1050 crepet
515 967 642 1050 argenti
667 967 742 1028 mihi
765 969 865 1043 seria,
892 970 1008 1033 dextro

160 1071 323 1138 Hercule!
345 1070 541 1151 pupillumve
565 1069 700 1143 utinam,
727 1091 820 1151 quem
844 1071 1011 1151 proximus
1034 1074 1130 1135 heres

158 1173 315 1254 Impello,
342 1175 540 1253 expungam!
565 1193 700 1255 namque
723 1184 775 1234 est
797 1172 962 1236 scabiosus
985 1186 1015 1236 et
1038 1176 1105 1236 acri

160 1276 232 1339 Bilc
255 1287 366 1337 tumet.
412 1274 514 1337 Nerio
537 1273 597 1334 iam
620 1274 712 1336 tertia
736 1274 861 1336 ducitur
884 1276 1013 1338 uxorl'’

159 1379 253 1442 Haec
279 1389 385 1439 sancte
408 1388 442 1437 ut
464 1396 600 1456 poscas,
628 1375 784 1438 'liberino
807 1375 839 1437 in
866 1377 996 1460 gurgite
1020 1380 1139 1464 mergis
1245 1383 1286 1444 ts

159 1483 260 1551 Mane
284 1490 378 1560 caput
400 1477 448 1539 bis
471 1490 585 1560 terque
608 1489 640 1539 et
662 1491 786 1540 noctem
811 1478 939 1541 flumine
965 1502 1097 1564 purgas.

161 1583 254 1645 Heus
277 1602 357 1664 age,
382 1582 559 1660 responde:
585 1611 624 1625 -
646 1578 805 1641 minimum
823 1592 870 1641 est
887 1584 973 1662 quod
988 1585 1070 1646 scire
1089 1585 1225 1648 laboro:
1243 1621 1284 1632 —

160 1686 212 1748 De
234 1684 317 1747 Iove
341 1682 416 1766 quid
438 1679 558 1743 sentis?
581 1693 687 1757 estne,
710 1692 746 1741 ut
767 1702 967 1762 praeponere
989 1706 1082 1747 cures

160 1785 335 1849 Hunci..
373 1781 580 1873 „Cuinami”
612 1781 769 1846 Cuinam‘?
800 1784 860 1845 Vis
887 1785 1009 1848 Staio?
1032 1818 1072 1830 -
1095 1809 1133 1850 an
1164 1789 1285 1852 scilieet

1006 1889 1143 1965 haeres,

161 1992 241 2073 Quis
263 1991 373 2073 potior
395 1991 490 2053 iudex
511 1989 660 2072 puerisve
683 1989 754 2072 quis
778 1987 885 2071 aptior
915 1989 1031 2054 orbis?
1244 1993 1287 2054 20

160 2098 237 2158 Ηο0
259 2095 380 2178 igitur,
404 2115 469 2176 quo
492 2104 525 2154 tu
548 2091 638 2155 lovis
662 2112 769 2153 arrrem
792 2091 955 2171 impellere
978 2103 1100 2168 tentas,

160 2196 224 2261 Die
247 2198 380 2279 agedum
404 2194 512 2258 Staio:
536 2228 577 2238 -
611 2194 719 2274 „proh
742 2191 906 2274 Iuppiter!
943 2194 1123 2273 Obone'’,
1148 2196 1283 2272 clamet,

160 2297 323 2381 luppiter!
355 2328 417 2368 „--
441 2308 471 2358 at
494 2316 563 2358 sese
588 2315 651 2356 non
674 2295 788 2356 clamet
811 2293 957 2375 Iuppiter
979 2294 1071 2376 ipsc?

161 2399 332 2484 Ignovisse
356 2410 466 2480 putas,
492 2398 584 2482 quia,
609 2417 706 2483 quom
729 2407 835 2470 tonat,
860 2396 948 2460 ocius
971 2397 1036 2462 ilex

235 2618 259 2667 5.
280 2619 378 2677 (1100011
395 2621 485 2666 Omnes
503 2620 575 2679 mei.)
631 2620 654 2666 ⁶.
675 2640 708 2654 -
725 2619 802 2666 Horrd
818 2621 859 2665 cui
876 2622 917 2666 ius
937 2623 991 2666 stt.
1011 2646 1043 2656 —
1062 2621 1139 2669 Houd
1155 2627 1237 2671 crinis
1254 2629 1288 2673 11.

164 2692 202 2736 lb.
215 2715 248 2726 -
267 2689 422 2751 lurnilesque
432 2689 540 2753 figuras
558 2693 589 2735 11.
626 2692 663 2735 lb.
685 2711 719 2726 -·
734 2697 877 2748 promptum
895 2705 960 2736 inor.
981 2692 1056 2736 SFM.
1093 2691 1118 2738 8.
1139 2720 1171 2728 -
1190 2693 1236 2740 too
1251 2699 1286 2741 cl.

163 2763 189 2805 S.
246 2759 271 2807 9.
298 2783 333 2795 -
361 2765 503 2805 murmurat
525 2761 601 2804 RSM.
660 2756 700 2804 10.
729 2779 764 2793 -
781 2757 884 2804 Ebollot
901 2760 930 2804 R.
953 2781 982 2792 -
1002 2759 1089 2806 Ebuttt
1106 2765 1132 2814 S,
1185 2765 1222 2812 lb.
1238 2760 1287 2823 po·

161 2828 246 2889 trous]
267 2844 296 2874 ex
314 2831 407 2876 Heinsii
430 2829 506 2874 Godd.
528 2830 572 2874 rP.
598 2853 630 2862 -
652 2829 742 2885 patrui
759 2829 835 2877 codd.
860 2832 907 2874 inei
929 2835 952 2874 et
968 2829 1026 2874 ΑΜ.
1052 2829 1113 2889 (om.
1136 2846 1157 2880 v.
1179 2831 1220 2878 10.
1241 2833 1287 2892 Τ.)

163 2899 205 2945 11.
225 2919 258 2935 -
276 2901 380 2960 argenti
408 2900 513 2943 misericr
542 2899 571 2943 E.
629 2895 671 2942 13.
692 2922 724 2931 -
742 2912 801 2942 narn
824 2899 876 2942 inm
899 2898 969 2943 eceb.
997 2902 1023 2944 S.
1045 2924 1078 2934 -
1100 2915 1161 2945 narn
1178 2902 1230 2946 iam
1249 2910 1288 2947 est

161 2969 231 3014 acob.
252 2969 282 3013 F.
321 2967 363 3013 tt.
383 2967 494 3026 ducitur]
516 2968 592 3013 TSM.
613 2987 646 2998 -
664 2966 780 3011 conditur
798 2967 895 3012 RVEA.
935 2966 976 3012 15.
997 2991 1026 3001 -
1046 2976 1237 3028 sancteposcos
1254 2973 1285 3017 tt.

164 3039 200 3084 lb.
222 3062 255 3072 -
274 3038 415 3100 influmine
433 3039 462 3081 F.
483 3037 521 3080 lb.
536 3057 567 3072 -
585 3048 686 3096 merges
702 3038 733 3079 V.
773 3033 814 3080 18.
835 3061 867 3070 -
886 3051 932 3081 cur
952 3042 991 3080 est
1015 3044 1041 3082 ut
1064 3041 1095 3083 V.
1136 3038 1177 3086 19.
1197 3037 1289 3085 Hunc?

163 3103 288 3152 cuinam?
306 3103 421 3163 Geinum]
442 3107 494 3149 VE.
515 3125 546 3140 -
564 3104 629 3149 launo
648 3104 749 3148 cuinam
774 3106 811 3148 uis
837 3107 868 3148 lt.
889 3126 920 3141 -
937 3103 1004 3149 ltunc
1022 3108 1161 3166 cuiquam?
1182 3110 1288 3154 cuinam

163 3177 260 3221 TSAM,
282 3175 318 3219 lb.
338 3195 370 3210 -
387 3175 458 3219 scoio
476 3175 507 3218 Τ.
524 3175 692 3234 -stogioF.
712 3197 744 3207 -
763 3173 846 3218 erudio
864 3175 895 3219 E.
916 3198 948 3208 -
967 3176 1089 3224 01001011.
1111 3175 1153 3222 20.
1175 3202 1207 3212 -
1221 3193 1287 3236 pus·

164 3246 235 3289 risus
245 3245 275 3288 ll.
296 3241 338 3291 21.
350 3263 384 3278 -
398 3242 449 3287 Hoc
463 3256 524 3303 ergo
534 3243 565 3287 T.
585 3243 622 3291 lb.
636 3267 667 3276 —
678 3241 743 3302 quod
752 3244 786 3287 Ill.
808 3244 842 3289 lb.
857 3268 884 3276 -
900 3246 1137 3299 sempraeuvstttt.
1158 3245 1200 3290 22.
1205 3245 1286 3306 prola]

162 3313 432 3370 mmm-pros.
454 3309 496 3356 23.
512 3311 731 3357 -001000οΤΕΑ,
746 3311 973 3358 10.-0101110111.
995 3311 1036 3359 tt.
1050 3316 1285 3376 -oltiusylsxffl

165 3417 310 3430 m

234 3482 350 3530 surius
368 3482 400 3527 ll.
440 3478 464 3528 5.
484 3483 572 3529 libauit
588 3483 666 3527 rwW.
707 3480 747 3527 10.
764 3483 853 3540 putrui
870 3484 950 3539 pr.
991 3483 1031 3529 19.
1056 3484 1128 3530 Hunc
1147 3486 1286 3546 cuiquam?

162 3557 263 3602 cuinam
281 3568 305 3610 p.
345 3551 386 3597 22.
402 3565 452 3610 pro
471 3565 495 3607 p.
1226 3560 1229 3565 ’

162 3657 312 3670 ‘nn-

233 3715 274 3762 13.
296 3715 432 3760 Proximus
451 3711 608 3773 expungam]
628 3712 743 3758 'fructum
763 3729 776 3756 a
800 3714 930 3768 militibus,
964 3716 1002 3771 qni
1028 3718 1140 3771 expuncti
1161 3719 1286 3774 dicuutur,

162 3792 218 3834 dum
233 3789 300 3831 foras
314 3800 327 3830 a
343 3784 430 3829 militia
447 3785 595 3828 emittuntur.
634 3783 694 3828 Item
714 3782 854 3836 metaphora
872 3797 886 3826 a
905 3784 985 3838 bello,
1005 3785 1028 3827 in
1046 3799 1109 3842 qno,
1131 3788 1228 3830 cadente
1247 3789 1287 3845 qui

161 3860 253 3914 primns
278 3860 328 3910 est,
354 3854 544 3899 succenturiatus
570 3853 640 3896 alius.
692 3849 733 3896 tt.
754 3851 842 3896 Nerius
861 3858 937 3896 morte
963 3854 1089 3912 coniugum
1112 3856 1287 3911 locupletatos,

162 3929 285 3972 fenerator
312 3929 349 3968 est
373 3925 451 3967 factus
478 3922 635 3965 notissimus:
664 3921 758 3976 dequo
782 3921 912 3976 Horatius,
945 3919 984 3979 (5.
1005 3921 1035 3977 2,
1062 3921 1087 3970 3.
1110 3921 1164 3978 09.)
1200 3923 1288 3969 Scribe

163 3996 248 4041 decem
269 3991 387 4040 oNsrlo.
428 3993 479 4035 Dos
499 3991 563 4035 enirn
584 4004 598 4032 a
616 3990 666 4034 cire
686 3989 793 4033 Romano
813 3991 885 4044 datu,
911 4005 958 4035 nou
984 3994 1063 4046 patrio
1088 3994 1150 4037 diets
1171 3995 1286 4048 nomine,

163 4067 184 4110 si
213 4061 339 4118 repudium
368 4074 415 4105 non
442 4059 613 4112 intervenerit,
647 4063 703 4113 post
731 4064 833 4103 mortem
859 4061 941 4104 uxoris
971 4062 1000 4104 nd
1032 4063 1145 4106 rrraritum
1171 4064 1286 4117 pertinet.

165 4133 207 4181 19.
227 4133 307 4181 Staius
323 4135 388 4175 tutor
406 4130 546 4184 pupillarius
562 4127 617 4172 fuir.
655 4127 728 4172 Gutta
746 4133 770 4172 01
790 4128 867 4172 Albus
886 4127 916 4185 (l.
930 4126 1035 4185 Bulbus)
1052 4136 1074 4175 et
1093 4133 1166 4177 ceteri
1185 4146 1289 4187 proepo-

163 4205 219 4257 siti,
250 4202 348 4246 fusrunt
368 4199 474 4253 iudices,
504 4199 545 4254 qui
568 4199 591 4240 in
616 4197 715 4242 Iuniano
739 4198 828 4242 iudicio
856 4199 980 4254 corrupti,
1014 4199 1172 4255 Oppianicum
1192 4203 1289 4246 damnu-

162 4276 256 4320 verunt.
