2782 4762
181 191 242 257 188

244 351 336 432 Quae
357 349 428 414 fieri
448 369 556 435 pugna
577 349 680 432 prima
703 362 835 415 cruenta
856 354 950 419 solet.

178 453 334 519 Protinus
355 453 534 517 excolimur
555 454 657 518 teneri
678 476 820 540 curaque
841 455 984 538 parentis

242 558 330 621 Imus
353 559 393 618 ad
413 555 556 642 insignes
582 556 681 622 Urbis
702 559 744 622 ab
767 570 836 622 orte
858 558 961 624 viros.

179 661 295 724 Frater
317 663 356 723 ad
378 659 541 745 eloquium
565 659 659 723 viridi
680 663 827 725 tendebat
849 664 889 725 ab
913 683 1015 742 aevo,

241 763 353 827 Fortia
376 762 507 827 verbosi
529 774 621 827 nattis
643 766 683 827 ad
704 785 789 827 arma
812 765 906 830 Fori.

178 867 226 930 At
248 865 322 928 mihi
343 865 403 928 iam
425 887 528 948 puero
551 867 700 930 caelestia
722 869 1007 951 sacraplacebant

241 970 344 1055 Inque
365 991 456 1034 suurn
476 968 587 1033 furtim
609 971 707 1033 Musa
729 972 879 1034 trahebat
901 993 997 1054 opus.

178 1076 280 1156 Saepe
303 1085 394 1155 pater
416 1072 515 1135 dixita
540 1072 707 1145 „Surdium
730 1074 805 1158 quid
826 1073 937 1138 inutile
958 1075 1087 1139 tentas?

240 1175 429 1240 Maeonides
451 1175 553 1238 nullas
575 1175 643 1257 ipse
665 1175 796 1263 reliquit
818 1176 932 1258 opes.''

177 1280 293 1343 Motus
316 1299 402 1341 eram
425 1277 536 1341 dictis:
560 1282 696 1362 totoque
718 1278 878 1343 Helicone
900 1278 1034 1357 relicto,

159 1413 166 1425 -
242 1381 390 1444 Scribere
413 1382 554 1444 conabar
577 1383 676 1444 verba
699 1381 804 1444 soluta
828 1382 942 1446 modis.

178 1485 301 1566 Sponte
324 1504 380 1546 sua
403 1504 530 1545 carmen
552 1504 700 1547 nttmeros
724 1483 872 1546 veniebat
894 1486 934 1546 ad
956 1495 1050 1566 aptos

240 1588 300 1662 Et,
326 1588 413 1670 quod
435 1588 595 1648 tentabam
619 1585 744 1662 dicere,
767 1609 879 1651 versus
902 1599 986 1652 erat.

176 1693 302 1757 Interea
323 1689 422 1753 tacito
444 1710 541 1771 passu
564 1689 743 1752 labentibus
764 1689 853 1752 annis

238 1793 396 1856 Liberior
416 1791 510 1856 fratri
531 1804 655 1875 sumpta
678 1792 817 1877 mihique
840 1806 919 1878 toga
941 1807 990 1858 est

176 1895 384 1979 induiturque
407 1893 547 1958 humeris
569 1917 639 1959 cum
662 1895 729 1961 lato
751 1918 896 1979 purpura
919 1898 1015 1963 clavo

238 2000 282 2062 Et
303 1998 440 2062 studium
463 1996 575 2074 nobis,
599 2001 687 2081 quod
708 1999 769 2062 fuit
791 2011 879 2075 ante,
905 2013 1020 2063 manet.

174 2104 307 2184 lamque
329 2104 439 2164 decem
463 2099 546 2163 vitae
567 2100 672 2164 frater
694 2100 913 2187 geminaverat
935 2117 1054 2179 annos,

239 2203 345 2284 Quom
368 2202 472 2284 perit,
498 2213 530 2266 et
552 2202 646 2286 coepi
668 2215 760 2286 parte
783 2226 894 2268 carere
918 2205 993 2269 mei.

175 2304 351 2388 Coepimus
374 2317 407 2370 et
429 2317 558 2369 tenerae
580 2306 703 2388 primos
725 2305 837 2370 aetatis
859 2308 1020 2382 honores;

238 2410 332 2493 Eque
355 2409 433 2472 viris
456 2411 616 2492 quondam
638 2431 713 2492 pars
736 2410 840 2474 tribus
864 2431 924 2473 uuna
945 2410 1007 2474 fui.

176 2512 274 2578 Curia
296 2514 462 2587 restabat;
485 2514 568 2576 clavi
591 2524 736 2575 mensura
759 2525 871 2576 coacta
893 2526 960 2577 est:

237 2614 347 2679 Maius
370 2628 438 2678 erat
459 2614 579 2680 nostris
601 2614 724 2680 viribus
747 2616 825 2678 illud
847 2637 941 2680 onus.

173 2720 245 2784 Nec
265 2718 387 2800 patiens
410 2740 528 2800 corpus
551 2740 612 2781 nec
634 2739 720 2781 inens
740 2717 801 2781 fuit
823 2730 896 2800 apta
918 2719 1042 2795 labori,

238 2821 465 2906 sollicitaeque
486 2821 591 2905 fugax
614 2820 796 2884 ambitionis
818 2842 923 2884 eram:

173 2927 218 2988 Et
240 2935 349 3006 petere
372 2924 499 2988 Aoniae
522 2926 696 2987 suadebant
719 2935 785 2986 tnta
809 2945 942 2988 sorores

240 3027 316 3091 Otia
338 3025 458 3090 iudicio
481 3047 606 3107 semper
629 3038 730 3090 amata
753 3047 837 3091 meo.

174 3127 347 3211 Temporis
369 3128 453 3191 illius
474 3128 561 3192 colui
581 3129 716 3212 fovique
738 3131 871 3211 poe'tas3

237 3231 390 3317 Quotque
413 3233 545 3296 aderant
568 3245 674 3308 vates,
699 3233 797 3295 rebar
819 3235 929 3295 adesse
952 3235 1041 3295 deos.

71 3404 75 3419 Ι
173 3338 276 3417 Saepe
299 3355 371 3398 suas
394 3335 544 3400 volucres
567 3335 645 3421 legit
666 3334 741 3398 mihi
763 3336 919 3420 grandior
940 3352 1040 3414 aevo,

236 3438 390 3523 Quaeque
413 3449 504 3502 necet
524 3460 678 3520 serpens,
703 3459 784 3522 quae
806 3437 895 3521 iuvet
916 3441 1037 3514 herba,
1063 3441 1190 3505 Macer.

172 3544 275 3624 Saepe
298 3562 374 3604 sitos
396 3539 508 3605 solitus
530 3541 666 3604 recitare
688 3540 882 3621 Propertius
904 3541 1014 3625 ignes,
1254 3547 1296 3609 45

236 3644 313 3707 Iure
336 3642 491 3706 sodalicio
516 3644 571 3727 qui
593 3640 669 3706 mibi
692 3642 816 3705 iunctus
839 3655 921 3706 erat.

245 3871 285 3919 17.
304 3872 409 3918 Lucium
434 3872 492 3918 dicit
518 3873 615 3919 Cietae.
644 3887 673 3918 ex
696 3875 805 3932 glossis,
825 3875 976 3930 ueniretur,
996 3876 1111 3932 antiquis.
1170 3874 1210 3922 19.
1230 3876 1296 3921 Per-

173 3942 269 3987 messin
287 3944 393 3999 suspicio
419 3943 521 3989 lleiosii.
577 3941 620 3989 29.
644 3941 762 3988 humeros
785 3956 815 3988 ex
836 3941 861 3989 3.
881 3945 957 3988 Codd.
977 3946 1070 4001 recepit
1088 3945 1189 4002 Nnbbe;
1210 3959 1295 4001 perpe·

173 4026 239 4066 ram,
259 4025 330 4070 quum
340 4027 456 4070 purpura
468 4012 601 4058 subiectum
614 4013 787 4069 propositionis
802 4013 848 4067 sit,
869 4027 915 4058 non
924 4009 1013 4072 freter
1031 4029 1054 4058 v.
1075 4028 1096 4058 c.
1135 4011 1177 4059 31.
1198 4016 1294 4059 'l'riurn-

172 4083 210 4126 nir
232 4081 367 4137 Capitalis,
399 4079 447 4139 (rel
473 4082 625 4137 Monetalis.)
648 4097 672 4127 r.
703 4084 811 4127 Messon.
837 4083 911 4127 vitans
934 4082 1023 4128 Ovidii.
1044 4085 1082 4128 ed.
1102 4084 1183 4128 l‘isclr.
1207 4099 1230 4138 p.
1251 4081 1294 4128 12.

174 4148 217 4198 il.
236 4150 360 4196 Aemilius
376 4149 466 4196 illecer
484 4153 642 4201 Veronensis.
670 4152 870 4209 Ornithogouinun
888 4157 912 4197 et
930 4153 1049 4197 'l'beriaca
1072 4154 1187 4208 scripsit,
1208 4153 1294 4198 Nican-

173 4223 243 4265 drtun
262 4221 383 4277 inritstns;
402 4220 465 4265 obiit
481 4235 504 4265 a.
522 4235 545 4266 u.
567 4218 626 4267 737.
682 4219 723 4269 36.
741 4219 865 4266 sodalicio
884 4234 914 4266 ex
932 4221 1010 4267 (lodd.
1027 4222 1088 4270 Edd.
1110 4224 1194 4267 Burin.
1208 4224 1295 4281 reliqui

172 4288 302 4337 sodalicii.
339 4287 381 4336 il.
412 4289 532 4336 Ponticus
549 4291 627 4346 idem,
660 4292 688 4336 ad
712 4304 782 4349 quern
799 4291 943 4347 Propertius
961 4292 1028 4336 misit
1048 4290 1071 4337 1.
1091 4291 1161 4351 Κίος.
1182 4290 1206 4340 7.
1226 4297 1251 4338 et
1270 4290 1294 4339 9.
