2782 4762
1193 189 1254 250 261

135 351 200 415 IX.
231 350 269 412 Ρ.
290 347 432 430 Virgilii
449 349 609 412 Maronis
632 347 679 409 ad
696 350 875 412 Venerem.
906 346 1058 427 (Anthol.
1076 347 1119 409 L.
1138 345 1168 409 1.
1187 346 1254 424 dd.)

136 458 171 523 si
194 459 267 521 mihi
290 470 471 540 susceptum
494 459 591 520 fuerit
613 463 786 521 decurrere
809 479 940 532 eminus,

201 563 231 625 Ο
255 562 409 641 Paphon,
436 582 456 623 o
478 563 568 623 sedes
592 582 672 643 qttae
695 561 775 622 coiis
799 559 934 638 Idalias,

138 667 260 726 Troius
285 665 412 725 Aeneas
436 663 579 725 Routana
603 683 661 744 per
683 662 800 744 oppida
823 653 943 744 digno·

200 769 267 828 lam
291 769 415 828 taudem
440 776 473 826 ut
495 776 598 826 tecum
621 764 761 827 carmine
785 775 895 827 vectus
919 775 988 826 eati

136 870 210 932 Non
234 890 296 951 ego
319 879 391 930 ture
415 871 511 931 modo
534 879 586 929 aut
607 867 692 949 picta
715 878 767 929 tua
791 867 906 948 tcmpia
929 867 1044 930 tabella

200 972 335 1035 Oruabo
359 983 411 1032 aut
433 970 520 1052 puris
544 981 626 1032 serta
650 969 751 1031 feram
774 969 936 1032 manibus:
993 996 996 1003 ·
1033 1019 1035 1023 >

134 1073 299 1157 Corniger
321 1074 380 1135 hos
402 1073 484 1135 ariee
506 1071 647 1150 humilis,
669 1083 701 1135 et
725 1071 860 1133 maxima
882 1083 993 1134 taurus

199 1176 336 1238 Victima
359 1187 484 1238 sacrato
508 1174 611 1258 tinget
631 1177 756 1237 honore
778 1175 888 1249 focos3

135 1281 404 1360 Marmoreusque
428 1277 503 1352 tibi,
529 1278 620 1352 Dea,
645 1276 900 1340 versicoloribus
922 1278 979 1341 aiis

198 1383 234 1442 lu
260 1401 380 1442 morem
404 1378 488 1461 pieta
510 1379 605 1440 stabit
628 1380 732 1441 Amor
754 1380 916 1460 pharetra.

135 1484 250 1556 Adsis,
276 1504 296 1544 o
317 1481 500 1560 Cytherea3
525 1492 597 1542 tuus
620 1492 650 1543 te
675 1479 796 1543 Caesar
818 1482 959 1564 Olympo

198 1587 242 1647 Et
265 1582 444 1646 Surrentini
467 1581 569 1646 litoris
593 1604 650 1646 ora
673 1595 781 1646 vocat.

278 1729 323 1789 Χ.
372 1722 521 1788 noman
542 1722 672 1786 Maru.
717 1723 867 1819 (anatot.
893 1725 934 1785 a.
960 1724 991 1786 n.
1016 1686 1106 1801 rio.)

135 1841 184 1900 'fc
208 1857 336 1920 quoque
358 1834 502 1917 virgitio
524 1832 671 1897 comitem
694 1855 757 1897 uon
781 1855 899 1917 aequa,
925 1833 1071 1910 Tibulle,

198 1941 294 2000 Mors
317 1939 463 2001 iuvenem
486 1959 615 2020 campos
640 1936 720 2000 misit
743 1940 783 2000 ad
805 1937 956 2016 Elysiost

134 2045 184 2105 No
208 2043 316 2114 foret,
341 2053 393 2123 aut
416 2035 516 2123 elegis
540 2028 651 2104 molles
674 2040 735 2123 qui¹
751 2040 843 2103 fleret
865 2060 1006 2116 amores,

195 2148 262 2208 Aut
285 2155 413 2206 caueret
436 2142 513 2206 forti
535 2143 624 2226 regia
645 2143 729 2206 bella
752 2145 847 2226 pede.

271 2288 336 2352 XI·
380 2283 532 2375 Cornelii
553 2283 682 2348 Seueri.
727 2283 877 2360 (Authol.
902 2285 945 2346 L.
969 2284 1001 2348 9.
1027 2283 1097 2347 155.

133 2435 173 2445 -
197 2400 329 2479 Oraque
353 2395 583 2479 magnanimum
606 2394 759 2477 spirantia
780 2417 882 2477 paene
906 2395 1050 2458 virorum

133 2503 169 2564 ln
193 2499 307 2562 rostris
329 2499 458 2561 iacuere
479 2497 563 2571 suin
584 2501 639 2560 sed
663 2497 745 2560 enim
768 2497 900 2560 abstulit
921 2519 1051 2575 onmes,

134 2607 309 2683 Tamquam
332 2599 400 2664 sola
423 2600 526 2676 foret,
550 2599 634 2681 rapti
657 2599 825 2663 Ciceronis
848 2598 969 2683 imago.

133 2708 227 2767 'l'ttnc
250 2705 385 2764 redeunt
407 2701 517 2765 animis
540 2700 680 2786 ingentia
703 2699 855 2764 Consulis
877 2714 967 2777 acta,

132 2807 324 2888 Iurataeque
348 2825 456 2866 manus
480 2807 700 2886 deprensaque
722 2803 855 2867 foedera
880 2826 1000 2877 noxae,

131 2906 371 2989 Patriciumque
394 2898 482 2969 nefas
505 2905 695 2970 exstinctum
719 2917 752 2968 et
773 2917 883 2987 poena
901 2906 1058 2992 Cethegi,

84 3022 87 3026 '
131 3011 348 3094 Deiectusque
370 3010 452 3072 redit
474 3007 557 3071 votis
580 3006 720 3071 Catilina
741 3009 896 3072 nefandis.

133 3112 217 3197 Quid
239 3112 336 3174 favor
359 3124 413 3175 aut
434 3123 562 3188 coetus,
588 3110 673 3193 pleni
696 3110 774 3195 quid
796 3112 972 3175 honoribus
997 3114 1068 3176 anni

132 3213 359 3278 Profuerunt‘?
382 3215 489 3277 Sacris
511 3224 543 3276 et
567 3213 629 3275 vita
652 3212 728 3297 quid
749 3213 869 3276 artibus
893 3215 984 3277 acta?

131 3317 274 3379 Abstutit
297 3339 357 3381 una
380 3316 446 3380 dies
469 3314 538 3378 acri
561 3317 656 3378 decus
677 3315 804 3400 ictaque
826 3317 915 3399 luctu

132 3419 298 3481 Conticuit
319 3418 432 3481 Latiae
453 3416 552 3481 tristis
575 3417 721 3481 facundia
744 3417 885 3502 liuguae,

131 3521 232 3582 Unica
254 3520 399 3582 sollicitis
415 3521 581 3601 'quondam
605 3520 703 3582 tutela
728 3521 896 3603 salusque,

131 3624 309 3706 Egregium
328 3643 457 3704 seraper
479 3621 602 3704 patriae
624 3633 738 3705 caput:
762 3623 816 3686 itte
839 3636 965 3688 senatus

200 3850 246 3893 ΙΧ.
269 3846 292 3894 7.
313 3852 414 3904 ,,Βιιι·ιιι.
434 3851 536 3896 coniecit
555 3847 679 3910 Corniger
696 3850 766 3898 hond
782 3853 852 3898 orier
869 3853 988 3911 horridis,
1019 3855 1065 3900 ord
1083 3872 1115 3902 nr.
1136 3865 1153 3905 t.
1205 3863 1251 3904 Sed
1334 3904 1337 3908 .

130 3919 163 3961 ita
188 3919 261 3976 friget
284 3920 406 3973 epitheton
429 3921 565 3980 corniger,
590 3922 695 3966 alienum
722 3918 736 3966 a
759 3939 786 3968 re
818 3929 974 3971 extenuanda.
1022 3927 1082 3971 tttud
1106 3932 1184 3972 tairreu
1208 3929 1252 3974 doe

129 3985 238 4031 dtrtnr'lee
254 3995 370 4031 aocrntoe
387 3986 480 4046 (rotgo)
483 3987 561 4046 soror
570 3991 630 4035 ferri
646 3992 683 4035 uix
697 3994 800 4046 potest.''
821 3994 942 4039 Wiener.
958 4018 990 4028 ·—
1010 3997 1116 4056 Sittigius
1130 4000 1251 4043 coniecit:

130 4054 255 4114 Corniger
273 4063 314 4100 nrt
332 4058 401 4101 nru'ea
414 4055 523 4103 dunntee
535 4065 559 4104 er
571 4060 686 4104 mertone
698 4067 788 4106 taurus
802 4060 910 4107 Victima
928 4071 1030 4110 rnerato
1047 4070 1128 4127 tinget
1147 4067 1249 4112 horrore.

130 4128 265 4170 Construe:
287 4128 414 4186 Corniger
432 4127 517 4182 orior,
545 4127 783 4186 aucmentacione,
807 4137 830 4176 el
847 4137 951 4187 tutti-rra,
976 4136 1093 4187 monimo
1117 4135 1251 4193 (victima),

129 4194 175 4240 Iros
189 4192 267 4253 soror
285 4203 388 4241 secroto
400 4195 492 4240 donoro
510 4199 599 4258 tinget.
614 4200 686 4246 Brrr.
707 4201 767 4252 sut,
786 4201 820 4244 It'e
840 4203 909 4261 inriga
930 4205 953 4247 in
967 4219 1082 4260 caesura,
1103 4213 1141 4252 ut:
1162 4206 1254 4250 Omnia

130 4265 207 4309 vineit
223 4264 315 4323 Artior,
335 4272 358 4311 et
376 4280 422 4312 noe
440 4265 560 4313 redemite
574 4266 670 4314 Artori.
714 4270 762 4314 xt.
783 4268 825 4315 10.
847 4271 913 4331 neri]
932 4275 995 4320 Sral.
1016 4275 1079 4321 cirin
1097 4278 1181 4321 Burin.
