2782 4762
177 202 218 268 36

180 365 244 429 Sed
264 360 345 427 iacit
364 380 431 426 esse
453 356 503 424 sui
523 356 673 445 quiddam
694 378 791 442 super
811 354 930 421 inscius
952 356 1033 439 ipse.
1062 411 1065 416 .

181 463 291 530 Vivus
312 463 396 529 enim
412 459 474 528 sibi
496 483 594 548 quom
616 459 774 545 proponit
794 459 928 546 quisque
949 459 1109 534 futurum,

180 566 315 650 Corpus
335 564 382 630 nti
400 564 550 629 volueres
572 563 714 627 lacerent
733 563 767 626 in
787 574 892 627 morte
910 561 1080 647 feraeque,

181 671 257 754 Ipse
279 667 329 732 sui
350 666 501 731 miseret:
527 687 629 751 neque
653 665 736 729 enim
758 688 791 731 se
813 665 927 729 dividit
948 664 1048 726 hilum

182 775 254 837 Nec
274 781 421 836 removet
439 768 516 833 satis
540 791 558 832 a
579 767 729 851 proiecto
753 789 914 851 corpore3
938 778 969 831 et
987 765 1067 830 illud
1240 761 1304 826 895

184 876 227 939 Se
244 873 339 959 fingit
358 893 513 958 sensuque
533 893 591 936 suo
614 870 810 936 contaminat
832 882 949 934 astans.

183 975 274 1042 Hinc
291 975 477 1061 indignatur
497 997 529 1039 se
551 974 720 1039 mortalem
741 995 809 1038 esse
830 985 989 1048 creatum,

184 1082 256 1144 Nec
279 1078 367 1143 videt
390 1077 423 1141 in
441 1099 518 1142 vera
540 1076 659 1141 nullum
680 1077 755 1142 iore
773 1088 878 1141 morte
894 1074 990 1139 alium
1008 1096 1060 1139 se:

186 1179 253 1262 Qui
275 1179 379 1263 possit
400 1178 494 1243 vivus
514 1178 576 1243 sibi
593 1201 626 1242 se
647 1179 759 1264 lugere
780 1190 998 1262 peremptum,

185 1286 343 1368 Stansque
366 1280 520 1345 iacentem
540 1302 573 1344 se
591 1279 729 1344 lacerari
750 1280 842 1344 urive
863 1281 988 1346 dolere.
1244 1280 1308 1344 900

184 1387 269 1449 Nam
291 1384 319 1448 si
338 1383 372 1447 in
391 1393 497 1448 morte
512 1376 665 1446 'malumst
686 1382 777 1446 malis
798 1404 971 1468 morsuque
994 1382 1135 1447 ferarum

188 1485 358 1562 'fractari,
381 1506 447 1549 non
464 1482 611 1561 invenio,
634 1487 691 1571 qui
712 1485 837 1550 nonsit
859 1488 1010 1549 acerbum

186 1588 322 1674 Ignibus
343 1585 528 1670 impositum
551 1586 663 1650 calidis
685 1598 867 1651 torrescere
887 1587 1022 1650 flammis

188 1693 257 1755 Aut
279 1690 312 1753 in
334 1689 427 1752 melle
453 1688 545 1751 situm
568 1687 722 1754 suffocari
742 1700 837 1775 atquc
859 1688 968 1774 rigere

189 1791 350 1879 Frigore,
374 1812 472 1877 quom
491 1812 614 1856 summo
637 1790 736 1876 gelidi
759 1794 854 1854 cubat
875 1813 1016 1877 aequore
1038 1791 1127 1868 saxi,
1245 1793 1310 1856 905

189 1894 353 1980 Urgerive
372 1915 509 1977 superne
532 1891 686 1958 obtritum
708 1896 852 1976 pondere
875 1904 994 1958 terrae.

256 1999 366 2072 „Nam
386 1995 449 2060 iam
471 2017 538 2060 non
558 1999 670 2060 domus
689 1994 827 2079 accipiet
846 2008 877 2060 tc
898 1996 979 2060 laeta
997 2018 1100 2083 neque
1117 2018 1202 2062 uxor

193 2101 362 2182 „Optuma
383 2119 443 2163 nec
465 2098 573 2160 dulces
597 2108 771 2162 occurrent
794 2098 903 2161 oscula
927 2099 1013 2162 natei

192 2245 210 2278 „
219 2199 413 2284 Praecipere
435 2209 468 2262 et
490 2197 588 2261 tacita
610 2209 721 2281 pectus
742 2198 908 2262 dulcedine
930 2211 1075 2283 tangent.

144 2322 148 2330 ⁴
193 2305 299 2380 „Non
318 2299 444 2384 poteris
466 2298 562 2364 factis
581 2299 774 2366 florentibus
796 2321 882 2378 esse,
905 2300 1030 2387 tuisque
1250 2305 1313 2369 910

194 2401 439 2482 „Praesidiums
461 2401 579 2467 misero
599 2401 742 2467 misere'’
766 2401 853 2465 aiunt
876 2403 1011 2478 „omnia
1032 2404 1149 2470 ademit

195 2555 211 2586 ,‚
223 2510 295 2573 Una
312 2505 378 2570 dies
395 2504 511 2569 infesta
533 2503 596 2567 tibi
617 2516 669 2570 tot
689 2503 831 2588 praemia
851 2504 972 2572 vitae.’'

193 2610 280 2674 Illud
300 2607 334 2672 in
354 2606 405 2672 his
427 2610 523 2672 rebus
541 2628 607 2672 non
629 2610 765 2673 addunt:
798 2611 895 2685 „Nec
917 2607 978 2673 tibi
999 2631 1108 2674 earum

248 2830 308 2878 892.
323 2827 401 2875 Vivus
410 2829 440 2875 Ε.
450 2829 555 2876 cnr-im
563 2827 593 2873 A.
601 2828 631 2874 1..
642 2829 673 2874 fl.
682 2829 751 2874 Eich.
764 2855 796 2865 -
807 2831 882 2875 unius
892 2832 952 2880 Ver.
966 2852 995 2863 -
1005 2833 1138 2876 unusVen.
1146 2830 1191 2878 Av.
1199 2833 1230 2878 P.
1238 2834 1312 2879 Wak.

197 2898 256 2947 891.
276 2899 427 2946 vindicati..
453 2899 489 2944 lb.
501 2897 580 2943 bitum
592 2899 652 2943 Cdd.
665 2896 689 2944 3.
707 2900 781 2948 wal.
799 2905 822 2944 et
837 2914 904 2945 meus
920 2901 949 2946 C.
966 2901 1034 2944 Bria.
1051 2902 1097 2946 Ar.
1113 2902 1174 2946 llas.
1194 2923 1224 2938 -
1242 2903 1315 2948 illum

196 2971 226 3019 Ε.
236 2972 296 3015 Ver.
335 2968 395 3016 895.
414 2967 478 3013 illud
492 2968 522 3013 L.
535 2968 619 3012 li.W.
639 2992 672 3003 -
690 2969 763 3012 illum
778 2970 838 3015 cdo.
856 2970 928 3015 etiam
947 2970 976 3014 C.
991 2970 1021 3015 Ε.
1035 2971 1096 3015 Edd.
1108 2976 1164 3017 vett.
1179 2977 1208 3020 A.
1228 2971 1315 3028 (sscit-

197 3039 259 3085 os'dit
276 3040 359 3098 ipsum
378 3064 388 3076 ·
406 3064 416 3074 -
435 3049 558 3097 corpom
576 3037 689 3082 atillam
704 3039 746 3083 W.
764 3037 868 3098 suspic.)
923 3036 981 3088 900.
1002 3054 1029 3083 ss
1055 3043 1122 3086 deest
1144 3042 1168 3085 in
1192 3043 1315 3100 plerisque

197 3109 269 3155 libris
288 3109 370 3165 (etiam
382 3108 406 3153 in
418 3105 478 3162 E.)‚
499 3110 595 3162 praeter
612 3106 713 3152 Cantab.
728 3114 751 3154 et
762 3123 841 3154 meum
848 3111 877 3154 C.
897 3109 995 3154 Primus
1007 3111 1160 3156 inseruitum
1172 3111 1202 3156 P.
1214 3113 1314 3156 tumW.

198 3197 234 3214 ι-
251 3192 296 3223 nsc
314 3178 365 3222 lae.
383 3177 460 3221 lunts.
477 3177 508 3221 A.
525 3176 555 3220 L.
572 3177 602 3221 ll.
623 3201 655 3211 -
673 3177 745 3222 illum
759 3179 810 3226 loe.
826 3179 923 3224 volebat
941 3181 1019 3224 Bentl.
1045 3180 1081 3228 lb.
1096 3179 1181 3224 dolere
1197 3181 1226 3226 G.
1244 3195 1259 3225 a
1275 3193 1312 3238 pr.

197 3262 278 3292 manu.
303 3246 372 3295 Pius.
395 3245 482 3290 Lamb.
503 3247 576 3303 Ssqq.
606 3267 642 3281 -
672 3245 758 3292 dolore
776 3248 837 3293 Ctld.
862 3254 918 3294 cett.
939 3250 975 3297 ln.
999 3249 1030 3293 A.
1086 3246 1144 3296 901.
1164 3250 1216 3294 ιάιιι
1234 3251 1315 3296 Bentl.

200 3314 260 3364 tot.
280 3316 343 3360 mole
361 3315 405 3360 Av.
417 3315 446 3359 P.
458 3315 596 3371 Xenophon
607 3315 637 3359 fl.
649 3315 694 3361 Gr.
707 3314 721 3363 5
729 3349 735 3371 ,
752 3314 781 3373 3,
797 3315 838 3363 19.
853 3319 881 3363 dc
894 3319 1034 3376 Agesipoli:
1054 3316 1113 3368 Kal
1129 3315 1244 3380 ἐκεῖνος
1259 3317 1316 3384 μὲν

198 3383 231 3435 ἐν
249 3382 345 3450 μέλιτι
362 3380 456 3444 τεθεὶς
478 3382 530 3433 καὶ
546 3381 701 3447 κομισθεὶς
725 3380 826 3435 οἴκαδε
849 3379 937 3448 ἔτυχε
961 3386 1014 3452 τῆς
1030 3384 1188 3452 βασιλικῆς
1205 3385 1313 3452 ταφῆς.

198 3470 223 3502 v.
238 3451 297 3503 905.
315 3459 339 3499 st
353 3452 412 3500 90⁶.
433 3455 624 3510 transponendos
648 3455 762 3500 censebat
783 3456 862 3500 Bentl.
887 3458 1014 3502 immemor
1031 3472 1055 3503 r.
1075 3472 1096 3502 c.
1117 3457 1211 3503 Nicolui
1228 3458 1316 3502 Darna·

199 3521 375 3582 ascriptis.
392 3523 475 3568 corui.
506 3518 617 3593 Φρύγες
635 3519 673 3573 ου’
691 3520 909 3595 κατορύττουσι
926 3521 1000 3587 τούς
1018 3525 1104 3595 ἱερεῖς
1122 3522 1316 3591 τελευτήσασ-

198 3609 267 3658 τας,
293 3587 355 3644 ἀλλ’
377 3589 425 3641 ἐπὶ
448 3588 551 3653 λίθους
573 3588 758 3658 δεκατήχεας
781 3590 915 3643 τιθέασιν
938 3589 1059 3665 ὀρθούς.
1114 3593 1172 3643 905.
1197 3610 1270 3655 quom
1288 3596 1316 3640 in
1350 3635 1352 3638 .

200 3667 295 3723 Vulgo,
316 3663 388 3708 etiarn
403 3667 487 3706 contra
502 3662 531 3705 C.
545 3662 576 3707 F..
617 3660 683 3708 906.
703 3663 820 3708 obtritum
834 3663 879 3709 Av.
896 3665 926 3709 P.
943 3666 973 3709 Η.
993 3667 1035 3712 W.
1056 3689 1090 3698 -
1107 3664 1224 3709 obrutum
1237 3666 1314 3714 Codd.

199 3731 431 3798 (C.E.)Edd.vett.
452 3751 482 3764 ·-
501 3730 711 3789 obruptumllodl.
731 3754 760 3764 -
774 3733 908 3791 (operitum
920 3735 975 3789 W.)
1013 3731 1071 3780 907.
1085 3733 1138 3779 lom
1148 3735 1317 3782 tamaii.-

200 3802 233 3850 As
246 3804 298 3847 inm
312 3803 358 3847 As.
368 3801 469 3846 -Ham
496 3799 628 3845 Nomium
644 3801 705 3851 Cod.
719 3799 743 3845 1.
754 3803 797 3846 W.
814 3801 909 3861 Reliqui
924 3809 1037 3859 corrupta
1053 3817 1075 3848 τ.
1093 3819 1115 3848 α.
1132 3804 1227 3848 amiam
1242 3806 1315 3850 Vind.
1379 3826 1383 3833 ·

196 3879 313 3938 (attritam
326 3873 395 3916 Bria.
408 3874 456 3916 cet.
498 3866 558 3916 91⁰.
569 3867 653 3928 scetis
666 3869 817 3935 florentibus
831 3871 861 3919 A.
881 3894 916 3906 -
927 3870 999 3932 sacti
1007 3873 1039 3936 fl.
1057 3874 1133 3919 Codd.
1153 3875 1225 3919 etiam
1239 3873 1269 3920 C.
1285 3874 1317 3918 Ε.

209 3943 272 3988 Edd.
283 3945 342 3988 vett.
361 3965 394 3976 ·-
404 3937 474 4000 sutis
486 3937 531 3984 Av.
543 3938 573 3984 P.
594 3964 628 3974 -
637 3936 723 3999 sactis
736 3940 782 3984 tibi
789 3937 907 4000 sortibus
920 3941 1005 3987 Lamb.
1025 3945 1089 3987 coni.
1105 3943 1165 3988 Har.
1204 3942 1262 3992 911.
1283 3944 1320 3987 lta

202 4010 352 4059 Cononem.
360 4008 646 4064 vett.-Praestdtum‚
663 4009 866 4064 astronomum
876 4011 920 4058 Ar.
932 4014 962 4057 P.
973 4010 1004 4056 A.
1026 4033 1055 4044 -
1074 4010 1208 4058 Praesidio
1222 4013 1317 4068 misor,

201 4096 217 4126 o
231 4077 276 4137 (ab
284 4081 377 4132 Bentl.)
392 4079 470 4122 miser
482 4078 512 4123 L.
524 4079 555 4123 ll.
594 4075 653 4123 91t.
673 4079 709 4123 tta
724 4078 800 4124 Codd.
813 4076 837 4124 3.
852 4078 925 4138 (Edd.
935 4085 994 4126 vstt.
1007 4080 1036 4125 C.
1052 4095 1138 4126 rerum
1153 4096 1229 4141 supse-
1244 4081 1320 4141 insit)

202 4163 288 4196 rerum
305 4162 382 4206 super
399 4146 493 4193 insidet
509 4149 555 4193 Ar.
565 4148 596 4193 P.
607 4149 637 4194 A.
657 4167 692 4180 -
709 4146 803 4194 insidet
819 4163 904 4195 rerum
922 4151 1026 4209 insuper
1044 4151 1074 4196 L.
1088 4149 1317 4198 llar.Cfr.v.931.

201 4218 263 4267 917.
282 4220 346 4264 tecm
360 4218 399 4262 Pii
414 4219 477 4266 coni.
493 4217 523 4262 ab
539 4231 586 4263 uno
600 4218 689 4264 Codice
698 4215 801 4264 firmata.
815 4218 845 4264 A.
859 4221 902 4268 W.
922 4243 956 4256 -
978 4221 1027 4265 leto
1043 4222 1119 4267 Codd.
1137 4221 1179 4280 (C.
1195 4221 1239 4278 Ε.)
1256 4222 1318 4268 Edd.

199 4295 257 4339 rstt.
269 4287 480 4334 Av.-llav.ctr.
491 4299 515 4336 t.
526 4284 587 4335 923.
607 4310 639 4324 -··
657 4289 706 4336 Isto
720 4289 756 4335 sie
774 4289 940 4348 explicandum
956 4296 1031 4338 esset:
1052 4298 1099 4349 „ut
1116 4290 1213 4352 (semel)
1232 4305 1258 4338 ss
1277 4293 1319 4338 teti
