2782 4762
160 168 221 231 208

161 327 251 390 Scire
274 338 341 389 crat
364 325 396 387 in
421 336 517 399 voto;
543 328 692 388 damnosa
719 324 859 387 canicula
888 336 1038 409 quantum

159 431 320 503 Raderet;
347 439 498 511 angustae
521 428 606 491 collo
634 450 698 491 non
724 428 830 490 fallier
858 448 970 501 orcae;

159 534 231 594 Neu
257 531 326 615 quis
350 530 494 593 callidior
518 532 638 593 buxum
662 543 815 613 torquere
837 530 983 614 flagello.
1008 566 1049 576 -

160 637 255 698 Haud
276 634 333 696 tibi
354 634 555 714 inexpertum
579 654 699 696 curvos
722 636 918 714 deprendere
944 655 1069 709 mores,

160 739 313 821 Quaeque
333 739 429 799 docet
450 736 575 817 sapiens
599 735 757 801 braccatis
779 737 855 799 illita
880 738 986 799 Medis

159 840 328 913 Porticus3
353 838 503 901 insomnis
527 837 640 922 quibus
664 851 694 900 et
718 841 848 901 detonsa
871 839 1019 901 iuventus
1064 826 1079 841 '³

159 943 328 1026 Invigilat,
354 942 475 1024 siliquis
499 953 530 1003 et
553 944 664 1024 grandi
688 953 778 1023 pasta
802 943 942 1022 polenta.

158 1047 203 1108 Et
224 1045 299 1119 tibi,
326 1065 406 1128 quae
430 1044 554 1106 Samios
578 1043 701 1105 diduxit
724 1045 815 1106 litera
838 1067 962 1119 ramos,

159 1149 349 1230 Surgentem
373 1149 488 1209 dextro
514 1146 700 1209 monstrarit
721 1146 819 1208 limite
842 1148 968 1210 callem.

159 1252 274 1312 Stertis
298 1248 425 1310 adhuc?
448 1250 618 1330 laxumque
643 1261 737 1330 caput
761 1271 917 1332 compage
941 1251 1047 1313 soluta

162 1353 286 1415 Oscitat
309 1354 510 1424 hesternum,
536 1352 662 1413 dissutis
685 1353 822 1434 undiquc
846 1352 958 1414 malis?

159 1456 219 1517 Est
241 1454 357 1536 aliquid
380 1475 445 1536 quo
468 1455 571 1515 tendis
595 1465 625 1514 ct
647 1453 677 1514 in
702 1456 789 1536 quod
811 1453 922 1538 dirigis
946 1454 1085 1517 arciun?

160 1559 212 1619 An
236 1556 351 1638 passim
375 1556 520 1640 sequeris
543 1577 662 1618 corvos
686 1567 830 1640 testaque
853 1558 1004 1641 lutoque,

160 1662 296 1722 Securus
321 1682 386 1741 quo
410 1681 466 1740 pes
488 1660 592 1732 serat,
619 1671 712 1740 atque
736 1680 776 1720 ex
799 1670 944 1740 tempore
968 1658 1077 1721 vivis?

159 1763 370 1824 Hellcborum
393 1761 531 1835 frustra,
557 1782 653 1843 quom
676 1760 737 1822 iam
762 1761 841 1822 cutis
865 1783 961 1845 aegra
984 1763 1136 1836 tumebit,

159 1866 336 1927 Poscentcs
360 1865 480 1926 videas.
525 1862 679 1926 Venienti
702 1863 862 1925 occurrite
887 1865 1014 1926 morbo.

161 1967 288 2049 Ecquid
311 1989 390 2046 opus
414 1965 553 2030 Cratero
578 1986 710 2049 magnos
733 1966 923 2046 promittere
947 1966 1095 2029 montes?

159 2068 301 2142 Discite,
328 2090 347 2130 0
371 2068 498 2140 miseri,
524 2079 554 2128 et
577 2089 688 2128 causas
712 2067 901 2151 cognoscite
923 2090 1049 2142 rerum,

160 2171 247 2250 Quid
270 2192 375 2232 sumus
400 2182 430 2230 ct
454 2173 601 2252 quidnam
625 2168 743 2231 victuri
766 2171 949 2254 gignimur?
973 2174 1054 2234 ordo

160 2273 239 2354 Quis
263 2276 353 2334 datus
377 2284 429 2334 aiit
453 2284 551 2333 metae
575 2294 637 2354 qna
660 2273 764 2335 mollis
787 2274 890 2335 flexus
913 2285 945 2335 et
969 2274 1077 2336 undc‘?

160 2376 241 2455 Quis
265 2377 377 2438 modus
401 2373 562 2457 argento?
586 2375 660 2457 quid
682 2375 730 2435 fas
755 2375 897 2455 optare?
920 2375 994 2459 quid
1018 2397 1112 2457 asper

159 2477 244 2541 Utile
269 2498 411 2538 nummus
434 2476 555 2538 habet?
577 2475 698 2557 patriae
722 2476 867 2560 carisque
889 2479 1077 2561 propinquis

159 2579 319 2660 Quantum
344 2577 473 2662 elargiri
497 2577 632 2640 deceat?
655 2599 747 2660 quem
771 2591 801 2639 te
825 2581 900 2640 deus
925 2601 993 2640 esse

160 2681 259 2745 Iussit
281 2693 313 2743 et
334 2683 469 2742 hnmana
492 2703 552 2764 qua
575 2693 664 2763 parte
688 2681 810 2742 locatus
834 2702 866 2742 es
888 2680 919 2742 in
942 2703 998 2756 re,

158 2784 257 2848 Disce
279 2805 382 2868 neque
403 2783 570 2859 invideas,
596 2785 683 2867 quod
706 2783 802 2843 multa
825 2783 929 2844 fidelia
952 2794 1041 2864 putet

228 3014 270 3062 50.
290 3040 323 3050 -
341 3015 463 3060 Redderet
483 3018 514 3059 V.
565 3015 607 3060 51.
627 3040 660 3049 -
677 3014 730 3059 Nec
746 3015 802 3072 quie
820 3013 850 3061 E.
902 3012 943 3058 52.
967 3024 997 3055 =
1018 3012 1087 3058 Haut
1104 3017 1135 3062 V.
1183 3017 1219 3060 lb.
1240 3015 1283 3061 de-

158 3084 293 3143 prendere]
322 3086 396 3129 RVA.
426 3108 452 3117 -
483 3082 667 3141 deprehendere
690 3085 769 3129 TEM.
792 3106 821 3117 -
842 3080 1023 3139 reprehendere
1043 3085 1068 3127 S.
1131 3081 1172 3128 54.
1193 3106 1229 3118 -
1246 3092 1285 3129 ert

160 3151 219 3209 (sic)
248 3152 354 3197 detuneu
382 3154 411 3196 R.
442 3177 474 3186 -—
504 3154 593 3212 quibus
619 3153 752 3198 indetoneu
783 3155 814 3196 T.
845 3174 874 3183 -
906 3152 995 3210 quibua
1023 3158 1047 3196 et
1071 3151 1204 3198 indetonau
1227 3155 1282 3198 SM.

161 3218 203 3266 56.
223 3220 335 3279 diduxit]
356 3222 430 3266 Codd.
451 3223 525 3267 Hevu.
548 3244 577 3254 -
598 3222 707 3267 deduxit
727 3223 816 3266 Omnes
837 3222 893 3264 niet.
952 3218 995 3265 57.
1016 3245 1048 3255 -
1068 3228 1234 3267 rnonrtrctum
1252 3224 1283 3266 1³.

160 3292 196 3334 lo.
212 3293 344 3335 -coilem
357 3293 387 3334 V.
427 3290 669 3351 58.-Iupeumqne
690 3293 743 3335 SM.
783 3289 824 3337 60.
840 3288 961 3332 -Eatne
977 3290 1074 3348 aliquid
1088 3292 1118 3334 A.
1139 3291 1218 3335 -in
1237 3305 1285 3350 quo

160 3359 250 3404 Omnes
270 3362 325 3404 anei.
377 3357 417 3404 61.
439 3386 472 3394 -
490 3365 603 3420 sequeris
622 3362 722 3418 pueeim
742 3362 771 3404 A.
823 3356 864 3403 66.
884 3378 918 3393 -
936 3361 1053 3403 tuneeecit
1072 3361 1102 3406 R.
1125 3381 1154 3392 -
1175 3359 1287 3404 tumebat

160 3432 191 3473 V.
230 3431 266 3474 lb.
287 3425 397 3489 Ecquid]
418 3431 456 3474 Sic
476 3432 571 3485 scripsi.
591 3455 624 3464 —
643 3428 748 3488 Ecquid
764 3429 839 3472 Codd.
857 3427 918 3473 Edd.
959 3425 999 3471 66.
1020 3428 1128 3482 Discite,
1149 3442 1164 3472 o
1182 3426 1284 3486 miseri]

161 3499 237 3544 Codd.
268 3502 314 3545 inei
343 3505 365 3543 ct
393 3501 428 3542 M.
450 3500 490 3556 (T.
514 3501 565 3545 sic:
597 3498 697 3543 Discite
718 3512 732 3542 o
754 3512 788 3541 m.
808 3494 925 3551 causus.)
943 3518 976 3527 —
994 3497 1093 3541 Discite
1115 3503 1139 3541 et
1159 3511 1173 3541 o
1194 3499 1287 3542 miseri

160 3582 253 3613 eduens
275 3572 305 3614 A.
334 3593 366 3602 -
396 3567 541 3628 Disciteqne
559 3583 573 3613 o
591 3582 625 3612 m.
649 3582 720 3614 caue.
745 3567 845 3624 Foqucl.
901 3562 941 3609 67.
962 3587 992 3600 -
1011 3573 1035 3610 et
1053 3565 1182 3624 quidnam]
1201 3569 1233 3611 V.
1255 3588 1285 3599 -

160 3644 204 3682 dut
216 3637 334 3697 quidnam
347 3638 488 3682 TRESAM.
509 3639 545 3686 tb.
560 3661 585 3671 -
600 3638 691 3682 victuri
703 3637 833 3680 naictmm
846 3633 876 3677 A.
891 3631 932 3678 68.
944 3658 977 3668 -
987 3635 1062 3679 detur
1078 3636 1154 3679 RSM.
1167 3636 1203 3679 lh.
1218 3660 1250 3669 —
1264 3642 1289 3679 et

161 3710 280 3753 rneteeT.
299 3710 336 3753 th,
349 3707 451 3765 —quu]
469 3709 498 3751 F.
516 3708 591 3751 Codd.
607 3706 664 3762 aliq.
679 3705 759 3748 Plum.
774 3729 804 3738 -
819 3717 892 3761 quum
905 3703 995 3748 Omnes
1011 3706 1068 3750 mei.
1089 3705 1126 3748 lb.
1143 3725 1170 3736 -
1186 3704 1288 3748 mobilia
1367 3703 1369 3707 '

160 3777 197 3818 Μ.
219 3799 248 3810 -
273 3778 365 3839 fluxus
387 3778 436 3821 TA.
458 3779 492 3829 (et
513 3775 577 3820 unde
595 3775 687 3818 Omnes
710 3771 781 3827 mci.)
820 3772 860 3816 71.
881 3797 914 3806 —
933 3775 1030 3833 largiri
1047 3773 1100 3818 TA.
1122 3794 1152 3809 -
1171 3773 1286 3834 elargire

161 3843 248 3890 debeat
265 3848 301 3890 M.
341 3845 382 3892 tt.
402 3867 432 3882 -
451 3861 495 3890 nee
515 3847 565 3890 inr.
585 3845 639 3888 RV.
659 3843 696 3887 lb.
712 3867 745 3876 -
760 3849 847 3899 putret
864 3843 899 3886 M.

166 3965 313 3979 ἡ

232 4042 274 4088 52.
294 4042 455 4101 inexpertum
473 4050 511 4089 eet
530 4058 552 4098 p.
603 4041 645 4089 56.
665 4042 773 4088 deduxit
791 4042 878 4097 probat
894 4056 924 4086 w.
942 4045 966 4086 in
985 4042 1073 4087 Anam.
1113 4040 1154 4086 58.
1175 4042 1288 4086 luseum-

162 4127 207 4171 que
228 4126 252 4167 p.
292 4108 333 4157 65.
354 4110 387 4156 Et
404 4112 464 4172 quid
481 4114 596 4169 erwW.
648 4111 688 4158 66.
709 4112 822 4166 Discite,
843 4112 867 4156 io
885 4112 991 4164 inimi,
1011 4118 1072 4158 ete.
1093 4126 1115 4155 r.
1138 4132 1167 4143 -
1187 4110 1287 4156 Discite

162 4183 360 4236 et,omieeri‚
380 4197 404 4227 e.
423 4195 448 4236 p.
497 4181 538 4228 68.
558 4183 735 4241 quommotlis
760 4183 855 4237 rpr.
905 4182 941 4225 lb.
963 4179 1132 4226 utundeir.
1192 4178 1233 4228 7³.
1253 4204 1287 4214 ·-
1343 4204 1349 4211 ·

162 4265 207 4295 nec
226 4253 272 4306 pP.
