2782 4762
116 337 198 402 Inde
217 341 330 421 pedem
353 359 465 422 sospes
489 339 586 402 multa
608 361 679 402 cum
702 339 794 403 laude
815 336 958 415 reflexit,

115 441 310 505 Errabunda
334 463 451 527 regens
472 440 560 507 tenui
581 441 718 528 vestigia
739 443 815 508 fito:

114 545 166 608 Ne
183 543 395 627 labyrintheis
416 567 433 609 e
451 545 589 610 flexibus
609 545 824 630 egredientem

116 646 213 711 Tecti
235 647 446 713 frustraretur
464 648 713 713 inobservabilis
735 671 844 713 error.

115 751 179 814 Sed
201 750 279 836 quid
301 773 363 835 ego
387 773 404 815 a
424 751 532 834 primo
556 754 725 836 degressus
747 752 887 820 carmine
909 754 1002 835 plura

115 850 403 919 commemorem?
426 866 460 918 ut
478 853 624 941 linquens
646 854 803 940 genitoris
823 855 889 919 iilia
912 857 1052 931 voltum,

114 957 159 1020 Ut
179 956 435 1042 consanguineae
459 958 684 1040 complexum,
707 968 741 1020 ut
763 957 898 1043 denique
922 957 1049 1034 inatris,

73 1064 79 1068 “
114 1065 131 1101 t
154 1060 243 1140 Quae
262 1060 375 1124 misera
398 1059 506 1145 ignata
529 1067 571 1102 ll*
594 1059 760 1142 deperdita
781 1061 843 1125 leta

114 1161 271 1226 Omnibus
292 1161 343 1225 his
367 1162 488 1227 'l'besei
508 1163 631 1226 dulcem
653 1161 856 1246 praeoptarit
879 1158 1045 1229 amorem?
1093 1230 1100 1239 ,

111 1265 179 1327 Aut
198 1275 233 1335 ut
250 1276 343 1329 vecta
365 1263 444 1329 ratis
463 1286 613 1348 spumosa
636 1269 675 1327 ad
697 1265 795 1329 litora
817 1265 924 1331 Diae?

110 1367 179 1431 Aut
195 1378 229 1429 ut
252 1388 319 1431 cam
342 1367 429 1431 dulci
445 1366 626 1431 devinctam
647 1367 764 1431 lumina
787 1391 902 1436 somno

110 1468 260 1554 Liquerit
277 1468 457 1549 immemori
479 1469 644 1535 discedens
665 1483 800 1553 pectore
825 1473 970 1537 coniux?

110 1573 214 1655 Saepe
232 1571 318 1635 illam
341 1572 513 1657 perbibent
534 1573 660 1638 ardenti
684 1578 785 1639 corde
805 1575 962 1641 furentem

110 1674 298 1741 Clarisonas
317 1676 381 1740 imo
404 1675 525 1740 fudisse
546 1699 563 1740 e
584 1687 719 1760 pectore
737 1700 854 1756 voces,

109 1779 161 1842 Ac
179 1789 253 1858 tum¹
265 1789 460 1862 praeruptos
482 1777 605 1842 tristem
628 1783 845 1845 conscendere
866 1781 1001 1877 mpntis,

110 1881 204 1947 Unde
227 1880 326 1946 aciem
348 1879 382 1944 in
401 1880 511 1966 pelagi
534 1893 643 1946 vastos
665 1886 874 1965 protenderet
895 1896 1020 1950 aestus:

110 1985 194 2047 Tum
217 1984 346 2048 tremuli
368 1983 443 2048 salis
465 1987 616 2048 adversas
638 2007 836 2068 procurrere
858 1986 890 2051 in
911 1990 1010 2052 undas

109 2187 183 2246 igitur
209 2189 263 2231 loco
283 2188 443 2244 praeoptarit
467 2187 619 2242 trisyllabum
642 2190 697 2233 erit.
724 2190 790 2234 Haud
819 2190 936 2235 maiorem
965 2191 1036 2236 babet
1057 2193 1230 2250 offensionem,

108 2270 184 2316 quam
197 2256 303 2301 Lucretii
322 2258 364 2300 illa
382 2253 413 2311 2,
435 2254 510 2302 1061.
530 2256 629 2302 tandem
641 2260 783 2303 coaluerint
800 2283 833 2293 ·-
852 2255 883 2314 3,
904 2257 963 2305 876.
983 2274 1086 2322 esseque
1106 2261 1231 2320 probibet.

110 2322 169 2374 122.
189 2327 241 2370 reti
252 2326 350 2371 Lacbm.
364 2339 429 2381 susp.
469 2323 528 2371 12³.
548 2326 618 2371 dulci
633 2326 753 2372 devictam
766 2329 836 2373 Aldd.
848 2331 881 2373 al.
900 2330 970 2374 tristi
986 2330 1230 2380 deincremento·

108 2394 172 2445 eet.
188 2397 263 2442 Voss.
280 2397 355 2440 Doer.
373 2395 445 2454 Ging.
477 2395 585 2441 Alterius
611 2399 687 2441 utrius
711 2398 821 2443 adiectivi
846 2400 899 2444 loco
918 2400 942 2443 in
960 2400 1010 2445 suis
1030 2402 1138 2447 lacunam
1155 2403 1231 2449 inisse

108 2468 211 2510 uelatur
229 2466 336 2522 Statins3
356 2466 438 2524 sicque
457 2465 556 2511 Lachm.
565 2499 572 2521 ‚
592 2472 717 2522 praeterea
736 2468 880 2514 coniiciens:
906 2466 1008 2514 Venerit
1024 2477 1068 2516 out
1080 2477 1106 2516 ut
1117 2486 1172 2516 edm
1186 2471 1211 2518 d.
1220 2485 1231 2528 ‚⁸

108 2539 234 2595 utrumqne
252 2549 310 2581 tero
328 2536 374 2580 huc
392 2536 506 2593 quadrat:
527 2534 610 2591 dulci,
631 2542 656 2580 ut
673 2537 772 2581 solitum
790 2538 868 2582 scinci
887 2539 1024 2596 epithetum
1044 2542 1127 2596 tristi,
1148 2547 1228 2598 utpote

108 2606 138 2650 de
156 2618 241 2650 somno
258 2602 351 2662 fallaci
369 2618 392 2650 v.
413 2603 456 2652 57.
476 2605 587 2662 crudeli,
620 2611 645 2651 ut
669 2609 770 2652 eundem
793 2613 863 2652 vocat
887 2607 959 2653 Ouid.
979 2610 1078 2655 Heroid.
1101 2608 1147 2666 10,
1169 2609 1229 2661 111.

107 2675 238 2720 Videamus
264 2689 325 2719 nunc
348 2676 517 2722 auctoritates:
546 2676 724 2735 Pseudovirgil.
744 2678 809 2722 Ciris
828 2691 851 2722 r.
873 2674 931 2723 205.
952 2680 980 2724 de
1000 2678 1052 2724 Nisi
1071 2694 1157 2724 somno
1182 2682 1228 2736 ipsi

108 2744 211 2790 exilium
231 2745 360 2790 afferente:
392 2744 494 2804 Iamque
517 2744 580 2790 odeo
603 2745 672 2791 dulci
694 2745 822 2791 deuinctus
845 2748 943 2792 lumino
960 2761 1048 2793 sorano
1064 2748 1145 2795 Nisus
1164 2756 1229 2796 crat.

107 2814 225 2860 Philostr.
240 2816 316 2874 lmag.
333 2812 361 2868 1,
378 2813 419 2860 15.
436 2817 464 2860 de
483 2816 603 2870 Ariadna,
623 2808 663 2877 ὦς
680 2813 712 2864 ἐν
728 2813 853 2883 μαλακῷ
870 2821 966 2866 κεῖται
983 2815 1022 2898 τῷ
1040 2810 1130 2884 ὕπνῳ.
1164 2819 1229 2871 lion·¹

108 2882 215 2940 nosti,
241 2882 300 2930 52⁶.
329 2877 422 2946 ὕπνος
440 2881 510 2948 ἐμοὶ
526 2881 636 2949 γλυκύς
653 2876 755 2950 ἦλθεν,
784 2879 840 2946 ἕως
857 2881 967 2951 γλυκὺς
982 2901 1077 2956 pyrro
1096 2884 1229 2953 Θησεύς,

108 2953 195 3011 quibus
219 2954 386 3010 obtemperans
410 2954 482 2999 dulci
505 2958 598 3000 landem
623 2958 716 3000 reduxi.
751 2957 853 3000 Fallitur
877 2958 940 3000 enim
958 2959 1068 3003 visconti
1086 2958 1151 3006 lidus.
1172 2960 1229 3003 Pio·

109 3023 188 3069 Clem.
203 3023 234 3068 Τ.
247 3021 277 3078 2,
290 3024 321 3069 Τ.
334 3022 393 3078 li..
414 3025 453 3082 qui
468 3025 523 3068 dum
536 3025 753 3070 celebratissimum
766 3031 884 3079 statuam,
904 3025 1047 3083 Cleopatrae
1063 3029 1121 3072 olim
1133 3031 1229 3074 nomine

107 3094 172 3138 falso
191 3093 346 3152 insignitam,
366 3094 495 3138 Ariadnam
514 3096 594 3150 polius
613 3110 666 3140 esse
685 3097 768 3150 docet,
794 3095 852 3140 haec
871 3099 1030 3151 praesertim:
1063 3096 1231 3144 sembrocomi

110 3164 243 3208 convenire
268 3165 295 3208 Io
322 3178 369 3208 suo
395 3165 515 3208 tristem
539 3164 574 3211 od
592 3158 634 3209 κη’
651 3171 751 3209 ornante
769 3164 878 3220 tradita,
909 3167 936 3210 ol
954 3165 1084 3213 disordine
1101 3167 1166 3213 delle
1183 3182 1228 3213 sus

110 3233 188 3288 cesti,
217 3234 267 3277 ulle
285 3231 379 3294 lungite
397 3249 442 3278 sue
460 3236 573 3289 sanante,
599 3234 703 3292 dopole
722 3235 962 3296 qualisisuppone
981 3237 1118 3282 cadurcio
1136 3252 1170 3283 an
1187 3252 1228 3284 so·

106 3317 168 3362 pore
186 3299 318 3365 cffcnaoso
336 3327 369 3337 —
383 3302 479 3348 firmari
499 3309 580 3350 censet
597 3307 674 3350 altera
693 3306 794 3349 lectione
812 3305 896 3359 tristi,
915 3306 932 3350 i.
954 3321 976 3350 e.
997 3311 1022 3351 ut
1040 3307 1226 3363 interpretatur,

108 3374 226 3418 inseraris
245 3375 316 3429 pleno
335 3379 406 3430 atque
425 3374 540 3431 inquieto.
570 3373 682 3420 Artifices
701 3377 755 3419 scil.
774 3376 863 3432 antiqui
883 3375 905 3418 in
925 3380 1003 3420 statua
1022 3377 1083 3430 ista,
1112 3379 1135 3422 in
1155 3392 1228 3433 opera

107 3444 258 3501 anaglyptico
278 3444 336 3490 ibid.
357 3457 411 3502 pag.
433 3440 492 3488 326.
515 3445 539 3488 io
560 3445 666 3489 Pictoris
685 3444 871 3490 Herculanenss.
889 3445 919 3492 ¹1¹.
938 3442 963 3488 2.
981 3445 1043 3492 l'ab.
1060 3444 1100 3490 1⁶.
1120 3448 1226 3493 Pansam

107 3513 180 3558 Attic.
190 3511 213 3568 1,
229 3511 271 3567 20,
284 3511 309 3558 2.
330 3513 445 3558 Chariton
456 3514 479 3568 1,
496 3511 520 3557 6.
531 3528 555 3570 p.
568 3512 628 3563 211.
645 3514 712 3569 Llps.
726 3528 816 3571 eosque
827 3519 924 3558 secutus
938 3513 1060 3558 Nonnusi.
1074 3516 1091 3559 l.
1102 3517 1222 3562 Ariadnae

108 3584 235 3627 dormienti
250 3583 368 3628 Bacchum
388 3583 556 3639 supervenisse
574 3583 710 3643 fingebant,
731 3589 755 3628 ut
775 3584 883 3628 Bacchici
902 3584 972 3628 thiasi
992 3585 1157 3630 vivacissimos
1176 3600 1227 3631 mo·

108 3658 146 3697 tus
170 3654 249 3697 somni
274 3655 398 3711 languori,
430 3656 466 3698 vel
492 3655 563 3698 etiam
587 3655 678 3698 isthanc
697 3653 824 3712 imaginem
842 3656 871 3698 ad
890 3669 1008 3699 summum
1026 3655 1085 3698 artis
1103 3655 1227 3715 fastigium

108 3724 232 3776 educturi,
261 3723 407 3768 hilaritatem
432 3737 525 3780 quoque
550 3725 646 3768 illorum
671 3729 740 3782 alque
765 3725 854 3768 amoris
879 3726 972 3779 plenam
997 3726 1178 3770 adrniratiouem
1203 3727 1228 3770 in

107 3793 201 3837 Baccho
219 3794 347 3838 derelictae
367 3794 459 3848 puellae
478 3794 563 3851 angori
583 3800 606 3840 et
624 3794 737 3839 tristitiae
757 3800 915 3850 opponerent.
946 3796 1036 3839 Verum
1056 3796 1127 3840 aliter
1145 3795 1227 3840 Catul-

109 3865 160 3916 lus,
181 3862 213 3906 nti
233 3866 328 3917 poetam
347 3865 461 3908 decebat:
490 3865 592 3908 alterum
611 3864 674 3909 enim
692 3878 803 3909 somnum
820 3870 938 3909 incestum
957 3870 1010 3920 post
1027 3863 1124 3908 dialcem
1142 3867 1226 3921 illrun,

109 3933 217 3990 quamvis
236 3932 362 3989 fallacem,
393 3932 484 3992 fingere
509 3934 567 3978 nibil
586 3935 710 3978 attinebat.
766 3935 802 3978 lb.
828 3932 966 3978 devinctam
985 3940 1064 3978 aulem
1084 3938 1184 3990 praetuli
1204 3941 1228 3981 et

108 4008 208 4058 propter
233 4004 383 4049 manifestam
409 4005 594 4063 Pseudovirgilii
620 4004 793 4059 imitationem,
825 4004 869 4047 etsi
894 4003 926 4047 ibi
951 4017 1043 4062 qiioque
1069 4004 1145 4050 Codd.
1166 4007 1225 4063 aliq.

107 4072 234 4130 deuictus3
255 4077 279 4117 ct
296 4074 358 4118 Livii
378 4076 437 4119 iliud
456 4070 486 4128 5,
508 4071 555 4129 11,
572 4072 596 4120 1.
616 4073 670 4118 nisi
687 4074 781 4120 cinctos
800 4086 901 4128 soriano,
920 4075 988 4118 velut
1001 4073 1127 4133 pecudes,
1147 4077 1225 4121 truci-

108 4141 206 4187 dandos
224 4142 371 4199 tradidero;
396 4149 421 4189 nt
437 4144 525 4189 babent
543 4145 626 4200 optimi
646 4145 723 4199 cdd,
743 4145 814 4190 eliam
833 4143 1007 4190 Einsicdlcasis
1027 4145 1080 4190 Sec.
1095 4145 1158 4201 lX.,
1178 4160 1226 4191 non

107 4213 194 4260 victos.
235 4211 293 4262 126.
313 4213 444 4277 clarificos
457 4215 520 4263 Scal.
534 4229 546 4260 c
560 4214 621 4264 Cod.
