2782 4762
190 184 232 248 80

255 345 324 408 Iam
347 339 464 406 validis
486 336 606 423 saeptei
626 339 786 423 degebant
801 334 945 401 turribus
961 357 1075 402 aevom
1101 392 1108 401 ,.

191 449 238 512 Et
256 445 360 509 divisa
382 444 551 508 colebatur
572 441 774 527 discretaque
796 440 903 505 tellus.
1091 431 1092 434 ¹

257 551 341 613 'lum
362 569 449 610 mare
470 543 622 610 velivolis
642 545 782 608 florebat
803 554 940 626 propter
964 545 1103 608 odores:

192 650 327 718 Auxilia
349 671 388 713 ae
405 647 514 714 socios
531 646 594 710 iam
614 658 713 730 pacto
731 647 865 711 foedere
887 647 1069 709 habebant:

195 751 403 820 Carminibus
425 773 524 838 quom
542 771 594 813 res
613 760 718 834 gestas
740 769 878 830 coepere
897 752 1016 831 poe‘tae

194 859 357 932 'l'radere3
380 877 441 918 nec
462 853 562 917 multo
586 862 658 915 sunt
680 862 752 914 ante
771 850 925 915 elementa
945 863 1087 934 reperta.

194 962 394 1041 Propterea,
416 955 494 1042 quid
516 953 556 1019 sit
577 952 671 1037 prius
693 965 815 1030 actum,
838 953 1000 1036 respicere
1018 965 1105 1018 aetas

193 1064 316 1127 Nostra
335 1058 463 1145 nequit,
485 1057 550 1122 nisi
572 1078 635 1143 qua
656 1054 740 1120 ratio
764 1055 903 1140 vestigia
925 1068 1094 1121 monstrat.

259 1162 401 1247 Navigia
423 1174 518 1247 atquc
539 1159 612 1244 agri
633 1159 791 1233 culturas,
814 1158 959 1235 moenia,
982 1160 1088 1244 leges,

147 1263 149 1267 ’
195 1268 317 1342 Arma,
340 1265 427 1342 vias,
451 1262 567 1328 vesteis
587 1273 619 1326 et
641 1273 749 1326 cetera
768 1264 806 1324 de
826 1283 943 1346 genere
967 1265 1103 1339 horum,

196 1367 362 1444 Praemia,
388 1365 518 1431 delicias
540 1385 670 1451 quoque
693 1363 779 1429 vitae
801 1363 944 1428 funditus
967 1365 1104 1442 omneis,

196 1471 366 1546 Carmina,
388 1468 531 1552 picturas
549 1490 587 1531 ac
608 1467 739 1531 daedala
760 1465 854 1551 sigua
874 1467 997 1549 politos

196 1577 280 1639 Usus
305 1584 336 1636 et
356 1570 514 1655 impigrae
539 1569 633 1633 simul
654 1567 854 1651 experientia
874 1568 988 1632 mentis

199 1673 374 1740 Paullatim
396 1671 508 1739 docuit
531 1671 725 1755 pedetentim
748 1670 1020 1755 progredienteis.

264 1776 321 1841 Sic
344 1798 438 1840 unum
463 1773 620 1861 quidquid
640 1771 804 1856 paullatim
826 1773 990 1856 protrahit
1013 1784 1099 1839 aetas

197 1883 237 1946 ln
257 1879 393 1945 inedium
411 1877 561 1964 ratioque
581 1877 616 1941 in
633 1874 761 1940 luminis
783 1874 868 1940 eruit
891 1898 980 1941 oras.

254 2042 331 2094 1441.
360 2043 426 2090 Tum
450 2057 520 2088 ruere
543 2042 655 2088 velivolie
674 2041 785 2106 florebat
804 2049 909 2102 propter
926 2041 1016 2089 odores
1034 2045 1094 2092 Cdd.
1118 2059 1192 2101 paene
1217 2060 1317 2100 omnes,

199 2117 272 2163 etiam
285 2115 316 2160 E.
337 2129 352 2158 a
369 2128 407 2170 pr.
425 2128 459 2161 m.
480 2114 635 2170 (C.aute1u:
656 2111 721 2156 Tum
738 2127 809 2157 more
827 2115 943 2158 velivoloe
956 2113 1066 2176 florebat
1079 2121 1186 2173 propter
1203 2113 1318 2174 odores.)

198 2187 235 2230 lta
253 2184 364 2231 velivolis
382 2184 488 2239 positum
505 2188 542 2227 est
559 2196 604 2238 pro
622 2181 742 2236 novibus,
770 2184 911 2228 succedente
930 2185 1048 2229 adiectlro
1067 2187 1090 2229 in
1111 2187 1189 2230 locum
1207 2186 1319 2230 substan-

198 2257 257 2310 tivi,
286 2259 312 2299 ut
334 2255 359 2298 in
382 2253 453 2297 Ennii
476 2251 626 2310 domiporto.
658 2250 763 2296 Navibus
781 2253 855 2311 igitur
873 2267 940 2298 mare
953 2253 1077 2316 florebat,
1103 2255 1285 2310 celebrabatur,
1305 2270 1320 2298 a

198 2325 280 2370 mullis
295 2322 480 2379 percurrebatur
494 2327 601 2379 propter
611 2319 710 2376 odor-ee,
732 2319 830 2378 propter
844 2329 962 2381 unguenta
981 2324 1087 2381 aliasque
1099 2326 1218 2380 pretiosas
1232 2324 1322 2369 Orien·'

200 2396 232 2440 tis
251 2406 355 2439 merces.
388 2393 428 2438 Sic
447 2392 527 2436 omnia
545 2395 611 2436 recle
629 2404 656 2436 se
673 2391 776 2447 habent,
807 2398 851 2447 „et
869 2392 997 2438 Lucretius
1016 2396 1151 2450 exemplum
1169 2401 1265 2440 secutus
1283 2399 1320 2438 est

199 2464 270 2509 Ennii
289 2463 349 2507 haud
368 2463 443 2507 semel
461 2474 533 2505 nares
552 2462 617 2516 ipsas
636 2461 753 2505 velivolae
772 2466 795 2506 et
812 2461 972 2508 velivolantes
990 2465 1164 2519 nuncupante.''
1194 2465 1257 2508 llaec
1269 2477 1320 2509 me·

199 2535 262 2580 liora
280 2545 337 2577 sane
355 2533 415 2575 meis
433 2530 541 2591 pristinis
559 2538 597 2576 me
615 2531 695 2574 docuit
713 2530 870 2589 Forbigerus.
909 2533 1027 2578 Videlicet
1044 2535 1068 2578 in
1088 2534 1165 2589 prima
1183 2533 1229 2584 Ed,
1250 2546 1320 2589 prae·

199 2605 302 2648 tuleram
332 2602 388 2647 leet.
414 2601 459 2646 Cd.
487 2600 518 2645 E.
540 2613 555 2644 a
573 2613 625 2644 sec.
650 2614 730 2644 rnanu.
752 2602 825 2646 Viud.
849 2602 926 2647 Poor.
957 2617 1028 2660 quam
1046 2604 1140 2661 quidem
1164 2604 1268 2648 Vossius
1290 2604 1319 2646 ad

200 2673 291 2718 Catull.
309 2685 333 2727 p.
347 2667 390 2716 77.
409 2669 554 2726 scripturam
572 2669 628 2713 dicit
646 2671 751 2714 omnium
770 2671 904 2717 librorum:
924 2671 989 2716 Tum
1007 2686 1077 2716 more
1096 2673 1224 2718 velivolum
1238 2671 1317 2736 flore·

200 2742 242 2786 bot
255 2746 362 2799 propter
379 2738 479 2786 odores.
509 2739 576 2784 Nune
594 2743 674 2783 aulem
691 2740 749 2784 mihi
768 2753 909 2795 persuasum
934 2747 971 2786 est
988 2743 1048 2787 hauc
1066 2743 1121 2787 leel.
1141 2743 1172 2787 ab
1190 2744 1320 2798 interpola·

150 2833 153 2836 ⁴
200 2818 254 2857 tore
278 2813 372 2855 ductam
396 2823 450 2855 esse
475 2822 504 2854 ex
528 2809 591 2854 Aen.
612 2806 641 2863 1,
665 2806 725 2854 224.
752 2808 904 2867 Deeplriene
921 2824 992 2855 mare
1011 2812 1140 2857 velivolum
1158 2836 1191 2847 -
1210 2813 1273 2869 quod
1291 2824 1320 2856 ex

200 2881 321 2927 Macrobii
341 2880 392 2924 Sat.
408 2876 436 2939 6,
450 2877 474 2927 5.
491 2891 606 2935 expresso
624 2879 761 2924 testimonio
780 2881 912 2935 desumpsit
924 2881 964 2926 ille
979 2882 1079 2926 exliirii
1089 2882 1219 2926 Andronici
1230 2882 1320 2926 llelena

200 2951 298 3007 (morio
316 2948 375 2994 olda
393 2949 517 3000 velivolo).
548 2949 600 2992 Iam
612 2962 684 3009 vero,
704 2962 776 3006 quum
794 2950 893 2994 Servius
914 2951 1016 2996 adden.
1033 2949 1062 3006 7,
1084 2949 1144 2997 804.
1163 2951 1318 3005 memoriter,

159 3047 162 3055 ·
202 3025 228 3066 ut
245 3021 353 3073 vldetur,
373 3019 398 3063 h.
418 3019 435 3063 l.
455 3019 491 3062 sie
505 3018 606 3062 afferat.¹
627 3017 790 3074 „Lucretius,
806 3019 915 3082 florebat
926 3020 1030 3065 novibus
1039 3026 1147 3078 pontus,
1167 3022 1191 3065 in
1205 3021 1320 3065 auxilium

203 3090 296 3134 vocatis
314 3089 386 3134 etiam
401 3087 497 3144 perndie
512 3087 610 3130 carinis
622 3088 720 3146 Virgilii
733 3088 778 3134 Ge.
794 3087 824 3142 2,
841 3085 899 3134 445.
920 3090 980 3134 ltala
998 3092 1040 3134 illa
1058 3091 1178 3136 correctio
1196 3095 1256 3134 nata
1268 3095 1319 3144 est,

201 3173 262 3217 quae
281 3161 404 3213 comparet
421 3157 445 3200 in
465 3157 559 3201 Iuntina
579 3161 602 3201 st
620 3163 750 3216 propagata
769 3164 806 3203 est
820 3158 849 3203 ab
862 3159 938 3213 aldo,
957 3159 1151 3205 Irarum-llam
1172 3159 1237 3204 Tum
1249 3173 1320 3204 more

204 3229 332 3273 velivolum
346 3225 457 3290 florebat
473 3225 572 3270 novibu’
587 3224 691 3283 pondis.
719 3228 805 3287 Pinzg.
826 3230 926 3285 denique
945 3230 1056 3275 volebat:
1087 3228 1153 3274 Tum
1170 3243 1241 3273 more
1259 3229 1318 3273 veli·

202 3299 300 3345 volum.¹
313 3295 425 3360 florebat
440 3295 538 3342 novidu'
553 3301 645 3351 pontus
662 3302 757 3341 servata
775 3311 875 3353 prorsus
888 3299 1002 3343 Sei-viana
1015 3299 1134 3356 lectione3
1154 3300 1220 3344 euius
1233 3299 1321 3343 iudicio

203 3382 250 3413 non
268 3368 345 3425 magis
364 3367 476 3411 accedere
495 3378 594 3421 possum
612 3378 683 3422 quam
700 3367 859 3425 Perhigerus.
916 3364 993 3413 1444.
1023 3382 1069 3412 nec
1092 3370 1169 3414 multo
1188 3374 1247 3413 eunt
1264 3373 1321 3412 unte

204 3438 327 3482 elemento
345 3441 456 3493 reperta.
484 3436 524 3480 Sic
539 3436 636 3494 egregie
653 3434 697 3480 Cd.
712 3437 742 3482 C.
768 3438 819 3480 lam
836 3450 908 3494 quum
926 3444 997 3492 onte,
1018 3443 1044 3482 ut
1054 3444 1091 3484 est
1104 3440 1128 3483 in
1141 3439 1186 3492 C.,
1206 3439 1323 3494 scripturn

202 3521 237 3551 an
260 3519 314 3552 eum
338 3507 426 3551 lineola
450 3518 505 3550 casu
530 3505 658 3549 excidisset
684 3507 722 3550 rel
747 3507 819 3551 etiam
843 3507 898 3563 quia
916 3508 1055 3552 adverbium
1073 3522 1126 3552 curn
1144 3509 1322 3563 praepositione

202 3576 376 3623 confundentes
394 3579 451 3619 onte
470 3576 495 3619 h.
515 3575 533 3619 l.
553 3574 664 3619 vitiosum
681 3575 809 3631 putabant,
829 3576 937 3633 plerique
950 3578 1099 3633 seripserunt
1110 3591 1155 3621 nee
1167 3578 1244 3622 multo
1252 3577 1323 3636 priu’

203 3652 264 3692 eunt
280 3646 402 3690 elemento
419 3657 444 3689 r.
476 3645 549 3688 Recte
569 3644 665 3701 quidem
677 3646 706 3689 ad
719 3645 878 3703 sententiam3
898 3647 940 3690 sed
953 3649 1011 3692 setis
1024 3649 1125 3692 moleste
1139 3660 1212 3704 quum
1224 3652 1323 3703 propter

204 3717 289 3762 elisam
307 3717 331 3760 in
349 3715 395 3759 hoc
410 3713 527 3758 vocabulo
546 3713 641 3758 literam
659 3726 688 3768 e,
716 3719 766 3758 tum
791 3716 844 3772 quia
863 3716 887 3759 in
906 3728 930 3759 v.
950 3729 1002 3775 seq.
1022 3717 1127 3760 recurrit
1139 3717 1227 3774 prius.
1258 3716 1323 3760 Con·

203 3790 242 3833 tra
259 3781 309 3833 A.:
328 3797 374 3829 ner
392 3784 469 3829 multo
484 3787 543 3840 poet
560 3788 619 3827 eunt
636 3784 758 3830 elemento
775 3798 799 3830 r.
827 3785 957 3839 ,‚lleetius,
978 3785 1233 3832 utarbitror·.”Walt.
1261 3788 1323 3831 Sane

203 3855 294 3900 rectius
313 3853 358 3898 hoe
377 3857 429 3898 erat
447 3865 476 3897 ex
494 3852 582 3896 iudicio
600 3864 624 3896 t.
644 3867 667 3898 c.
686 3851 787 3908 Wolfii,
819 3856 858 3912 qui
882 3855 1016 3910 scripturae
1039 3859 1117 3899 artem
1135 3857 1197 3911 apud
1216 3855 1323 3901 Graecos

205 3925 311 3969 Homero
329 3924 490 3979 posteriorem
508 3921 620 3968 censebat
637 3935 680 3967 nec
692 3936 721 3968 ea
732 3923 756 3968 in
769 3938 796 3968 re
809 3923 946 3970 fallebatur.
974 3927 1064 3970 Verum
1078 3926 1100 3969 id
1114 3939 1216 3980 prorsus
1228 3932 1324 3971 contra-

204 3993 269 4039 rium
286 4005 340 4038 esse
359 3992 462 4037 debebat
478 3991 585 4037 Lucretii
605 3992 728 4047 opinioni,
756 3995 795 4051 qui
820 4008 865 4039 nec
889 3995 989 4039 lliadem
1011 4008 1087 4052 neque
1106 3994 1241 4050 odysseam
1260 4009 1325 4040 com·

204 4063 261 4121 poni
280 4062 386 4119 potuisse
404 4061 456 4107 sine
474 4062 595 4107 scribendi
613 4065 665 4106 arte
684 4066 748 4107 certe
767 4065 846 4118 paullo
857 4069 910 4109 ante
923 4064 1054 4109 Homerum
1067 4065 1091 4109 in
1105 4064 1233 4110 Graeciam
1245 4067 1324 4111 intro·

205 4135 300 4178 ductam
317 4133 424 4191 cogitare
442 4136 546 4187 poterat.
584 4127 660 4177 1450.
674 4132 779 4190 politos.
799 4133 865 4178 llane
884 4135 1010 4180 lectionem
1028 4136 1123 4179 restitui
1142 4145 1173 4181 ex
1189 4135 1235 4184 Ed.
1252 4136 1322 4180 Brix.

205 4205 266 4250 Ver.
277 4204 339 4248 Ven.
350 4201 404 4247 cfr.
419 4197 450 4257 3,
470 4198 531 4248 308.
550 4201 664 4261 quumvis
681 4200 797 4247 doctrino
812 4204 905 4262 politos
923 4203 1053 4249 constituit
1069 4204 1170 4263 puriter
1188 4204 1320 4265 quosdam.

205 4273 288 4330 ,Usus
306 4273 380 4333 igitur
398 4277 422 4318 et
439 4272 585 4329 experientia
608 4272 742 4319 docueruut
764 4273 873 4322 homines
896 4276 973 4321 semel
986 4274 1081 4334 politos
1098 4276 1193 4336 navigia
1210 4277 1275 4323 eet.’'
1292 4299 1325 4311 -
