2782 4762
1165 207 1226 272 193

171 373 247 418 Natus
267 373 292 418 in
310 371 409 418 EtrurIa
429 370 584 428 Volaterris,
610 384 683 430 eques
701 369 825 418 Romanus
843 372 960 430 sanguine
982 375 1007 418 et
1021 369 1137 418 affinitate
1153 372 1224 428 primi

77 492 80 501 ·
101 463 195 508 ordinis
212 461 272 507 ris-is
289 460 444 516 coniunctus,
473 462 577 507 decessit
596 462 626 505 ad
647 464 758 506 octavum
775 460 916 506 milliarium
936 461 974 505 rie
995 460 1091 517 Appia,
1111 463 1135 506 tn
1156 474 1226 517 prae·

100 551 148 596 diis
166 552 226 596 suls.
263 550 337 595 Patcr
357 550 409 595 eius
429 549 530 595 Flaccus
550 547 667 606 pupillum
686 547 786 606 reliquit
810 547 935 603 moriens,
964 561 1084 594 annorum
1101 549 1153 594 lere
1171 561 1224 594 sex.

101 640 186 685 Fulvia
213 639 324 684 Sisennia
346 641 424 682 mater
445 638 525 693 nupsit
548 642 631 693 postea
654 634 742 691 Fufio,
772 636 846 693 equiti
864 635 989 682 Romano:
1021 642 1045 681 et
1062 651 1117 683 eun·
1132 650 1226 696 qnoque

101 728 186 773 extulit
202 727 265 772 iutra
283 739 372 782 paucos
389 739 474 771 annos.
511 725 609 770 Studnit
623 724 724 770 Flaccus
745 724 865 782 usquead
883 737 971 768 annum
988 723 1048 770 ΧΗ.
1066 725 1224 771 Volaterris:

101 816 155 861 indu
174 813 264 860 llourae
282 815 343 870 apud
361 813 543 872 grammaticum
561 811 696 858 Remmium
714 812 884 857 Palaemonem
903 814 927 857 et
943 813 1005 868 apud
1025 811 1149 858 rhetorem
1168 814 1226 859 Vir-

100 905 192 964 ginium
210 903 319 949 Flavum.
357 902 437 960 Quuom
457 906 523 947 esset
539 914 658 947 annorum
678 900 749 956 XVI.
768 900 874 944 amicitia
895 900 974 956 coepit
994 901 1028 945 uti
1047 901 1138 947 hausei
1160 901 1227 947 Cor-

87 970 170 1047 nuti,
191 992 224 1036 ita
241 995 267 1035 ut
287 989 318 1034 ab
341 1004 370 1034 co
394 964 682 1048 nnsqnsm'tiscederet:
707 1002 721 1032 a
740 1002 787 1047 quo
808 989 920 1034 indoctas
936 989 1087 1046 aliquetenus
1108 990 1132 1034 in
1148 990 1226 1046 philo·

102 1080 210 1136 sophiam
226 1084 272 1124 est.
309 1079 356 1123 Sed
374 1091 431 1122 snos
454 1083 479 1123 ut
495 1092 511 1123 a
529 1077 611 1123 schola
629 1082 654 1123 et
673 1078 796 1138 magistu-Is
814 1077 960 1133 diverterat,
984 1078 1057 1123 lecto.
1071 1078 1135 1124 lshro
1155 1078 1226 1125 Luci·

100 1169 127 1213 tii
159 1169 266 1224 decimo,
297 1165 452 1214 vehementer
478 1167 571 1211 Satires
594 1179 738 1222 componere
767 1167 871 1210 studuit:
901 1165 970 1213 cuius
997 1166 1053 1211 tihri
1081 1167 1226 1226 principium

100 1257 207 1302 imitatus
226 1262 280 1313 est,
312 1256 358 1302 sibi
376 1257 470 1311 primo,
503 1268 559 1298 anos
581 1254 692 1299 omnihus
711 1256 903 1310 detrectaturus,
931 1268 986 1300 cam
1006 1259 1071 1300 ιιιιιι
1093 1258 1227 1302 recentium

100 1348 228 1402 petitarum
250 1350 274 1390 ct
300 1349 424 1389 oratorum
447 1343 621 1398 inscctatIone,
653 1347 678 1387 ut
712 1342 783 1387 etiam
814 1340 937 1388 Neronem
962 1344 1102 1400 culpaverit.
1151 1344 1226 1390 Cuius

100 1447 185 1488 versus
205 1434 228 1478 in
250 1431 373 1478 Neronem
392 1445 464 1489 quom
482 1431 516 1476 ita
538 1443 564 1476 se
591 1429 706 1477 haberet:
734 1429 872 1476 Auriculos
890 1430 961 1476 asini
976 1428 1050 1477 Mida
1067 1444 1117 1476 rex
1135 1429 1225 1478 habet:
1269 1473 1273 1479 .

101 1524 124 1567 in
146 1523 208 1567 hanc
225 1523 321 1566 snodum
339 1535 353 1565 s
372 1520 504 1574 Cornuto,
524 1519 577 1576 ipso
598 1520 703 1564 nondum
721 1523 835 1573 mortuo,
856 1523 894 1564 est
911 1520 1068 1566 emendatas:
1088 1519 1226 1568 Auricuias
1279 1567 1281 1572 ,

98 1610 171 1655 asini
188 1610 246 1669 quis
256 1622 307 1654 nou
326 1606 423 1654 habeti
440 1621 470 1653 ne
482 1607 528 1652 hoc
545 1607 612 1652 Nero
624 1607 648 1652 in
660 1620 686 1652 se
698 1608 787 1653 dictum
799 1607 970 1653 arbitraretur.
1006 1608 1105 1654 Amicos
1116 1609 1201 1654 hahuit
1211 1624 1226 1655 a

99 1700 178 1756 prima
201 1698 361 1743 adolescentia
382 1697 496 1741 Caesium
513 1697 630 1751 Bassam,
655 1697 767 1751 poetam,
785 1701 809 1742 et
824 1695 983 1752 Calpurniam
1004 1697 1105 1753 Suram,
1134 1699 1225 1756 qni.eo

98 1789 154 1834 viso
176 1789 269 1833 invenis
296 1787 409 1834 decessit.
457 1785 539 1831 Coluit
565 1790 590 1830 ιι
611 1789 703 1842 patrem
727 1784 857 1831 Servilium
882 1784 1027 1832 Nonianum.
1063 1786 1113 1832 I’er
1130 1785 1225 1831 Cornu·

100 1882 149 1921 tum
179 1875 291 1935 cognovit
321 1874 445 1919 Annaeum
473 1875 546 1918 etiam
575 1872 718 1926 Lucanum,
753 1886 920 1930 aequaevum,
951 1874 1085 1919 auditorem
1111 1873 1224 1920 Cornuti-

99 1963 161 2009 Nam
182 1963 303 2008 Cornutus
324 1962 367 2006 illo
386 1966 494 2017 tempore
514 1962 620 2020 tragIcus
639 1960 698 2015 init,
727 1964 807 2005 sectae
825 1960 935 2022 Stoicae,
959 1962 998 2020 qni
1022 1961 1098 2008 libros
1118 1961 1225 2018 philoso-

99 2053 169 2109 phiae
189 2051 296 2109 reliquit.
344 2050 392 2095 Sed
406 2048 518 2094 Lucanus
540 2052 600 2095 adeo
617 2049 751 2095 mirabatur
772 2049 862 2104 scripta
882 2047 982 2105 Flacci,
1009 2055 1035 2095 ιιι
1051 2051 1092 2095 vis
1108 2050 1226 2096 reflueret

99 2154 144 2195 se,
169 2141 212 2184 illo
229 2140 361 2193 recitante,
389 2139 529 2183 aclamore
550 2133 620 2197 [quin
648 2137 691 2183 illa
720 2150 778 2183 rere
798 2150 852 2182 esse
880 2140 990 2193 poemata
1008 2136 1120 2198 dIceret].
1163 2139 1225 2185 Sero

99 2229 211 2288 cognouit
228 2228 360 2283 Senecam,
380 2227 423 2271 sed
441 2240 488 2270 non
505 2231 530 2271 ut
548 2230 674 2281 caperetur
692 2226 744 2271 eius
765 2224 873 2285 ingenio.
911 2225 974 2271 Usus
993 2232 1030 2271 est
1050 2228 1112 2283 apud
1130 2226 1224 2272 Cornu·

98 2322 150 2361 tum
171 2318 272 2360 duorum
291 2315 401 2360 convictu
421 2314 617 2358 doctissimorum
635 2318 659 2358 et
684 2314 891 2359 sanctissimorum
916 2315 1041 2370 uirorum,
1060 2315 1150 2362 acriter
1175 2320 1225 2361 tum

98 2404 317 2461 philosophantium
328 2434 334 2458 ,
354 2401 450 2448 Claudii
461 2401 616 2461 Agathemeri
627 2432 634 2456 ,
654 2402 741 2447 medici
750 2401 951 2458 Lacedaemonii,
971 2407 995 2448 et
1005 2402 1116 2449 Petronii
1128 2403 1225 2450 Aristo·

98 2494 190 2546 cratis,
206 2493 345 2550 ¹Magnetis,
366 2504 426 2548 quos
444 2491 512 2535 unice
524 2490 624 2534 miratus
642 2495 680 2534 est
698 2495 722 2536 et
738 2492 886 2545 reinelmus,
905 2504 980 2548 quom
999 2493 1112 2550 aequales
1132 2497 1224 2553 essent,
1269 2493 1271 2497 ’

97 2586 122 2626 et
143 2581 244 2626 Cornuti
264 2580 382 2624 minores.
436 2578 490 2634 Ipse
510 2579 588 2622 'etiam
607 2578 689 2623 decem
709 2579 761 2624 iere
783 2580 852 2625 annis
872 2592 964 2625 summe
989 2580 1122 2625 dilectura
1146 2580 1223 2628 I’asto

97 2669 208 2715 'lbrasea
226 2673 278 2721 est,
306 2669 341 2713 its
361 2671 388 2713 at
404 2667 603 2730 peregrinaretur
623 2679 718 2725 quoque
732 2681 785 2712 cnm
810 2681 839 2712 eo
857 2668 1005 2726 aliquando,
1024 2669 1151 2728 cognatam
1170 2669 1223 2715 elas

97 2759 196 2804 Arriam
218 2769 320 2802 uxorem
347 2755 459 2801 habente.
496 2756 552 2800 Fuit
568 2769 664 2799 morum
683 2755 877 2810 tenuissimorum,
903 2756 1060 2801 verecundiae
1079 2755 1222 2816 virginalis,

96 2847 190 2891 formae
207 2845 337 2901 pulchrae,
367 2844 462 2900 pictatis
481 2857 539 2903 erga
557 2849 660 2888 suabem
681 2848 706 2888 et
726 2855 838 2888 sororem
859 2848 883 2888 et
903 2844 1002 2888 amitam
1022 2845 1132 2900 exemplo
1156 2843 1223 2890 sem-

96 2935 194 2983 cientis.
230 2934 286 2978 Fuit
310 2933 375 2992 frugi
397 2937 421 2978 et
442 2933 549 2989 pudicus.
587 2931 695 2990 Reliquit
716 2932 780 2977 eirca
799 2932 939 2977 sestertium
956 2933 1031 2978 uicies
1048 2933 1120 2978 matri
1139 2937 1164 2978 et
1181 2946 1223 2978 so·

95 3011 165 3068 rori:
185 3022 282 3080 scriptis
300 3026 377 3067 tasncn
401 3023 430 3066 ad
451 3027 554 3068 matrem
571 3020 689 3066 codicillis
707 3021 819 3079 rogavit,
839 3025 865 3065 ιιι
884 3022 954 3066 daret
968 3019 1078 3067 Cornuto
1099 3022 1222 3078 sestertia,

97 3116 124 3156 ιιι
141 3111 252 3169 quidam,
272 3116 382 3166 centurn,
408 3116 435 3155 ut
452 3110 494 3155 atii
512 3111 612 3165 volunt,
638 3109 710 3164 plus,
742 3114 766 3155 et
784 3110 879 3168 argenti
900 3109 957 3154 facti
982 3111 1062 3166 pondo
1085 3110 1169 3169 viginti
1198 3115 1224 3156 et

95 3198 174 3244 libros
193 3200 255 3244 circa
279 3200 464 3258 septingentos,
495 3199 546 3243 siue
574 3197 744 3242 bibliothecam
762 3211 830 3243 suam
847 3211 953 3243 omnem.
988 3198 1082 3244 Verum
1099 3199 1221 3244 Cornutus

96 3286 198 3331 sublatis
216 3285 303 3342 libris,
324 3287 449 3344 pecuniam
466 3263 547 3330 sos-ori
561 3291 585 3330 et
602 3290 693 3341 matri,
719 3299 777 3345 quas
797 3286 898 3331 heredes
916 3287 1008 3332 fecerat
1018 3316 1026 3342 ‚
1045 3288 1152 3345 reliquit.
1190 3286 1223 3331 Et

96 3388 155 3419 raro
186 3380 210 3420 et
234 3377 301 3420 tarde
328 3376 435 3431 scripsit.
484 3375 552 3420 Ilunc
571 3375 649 3431 ipsum
675 3374 765 3419 libram
786 3373 953 3431 imperfectum
976 3375 1083 3433 reliquit.
1127 3376 1221 3436 Versus

95 3463 171 3521 aliqui
183 3464 271 3520 dempti
290 3468 346 3508 sunt
362 3464 446 3508 ultimo
466 3463 537 3517 libri,
557 3467 583 3507 ut
595 3462 662 3520 quasi
680 3460 760 3506 finitus
776 3467 849 3508 esset.
886 3461 984 3508 Leviter
1003 3456 1220 3508 retractavit·Cor-

94 3561 181 3606 umus,
201 3557 225 3596 ct
243 3553 331 3597 Caesio
350 3552 427 3596 Basso
454 3553 544 3607 petenti
569 3555 594 3595 ut
620 3551 672 3605 ipse
699 3552 794 3604 ederet,
820 3551 920 3594 tradidit
946 3551 1073 3596 edendum.
1119 3549 1221 3605 Scripsit

95 3640 167 3685 etiam
185 3640 209 3684 in
227 3640 331 3696 pucritia
348 3640 449 3684 Flaccus
460 3643 632 3694 praetextatam
642 3642 667 3684 et
678 3629 891 3708 Ὅδοιπορικῶν
903 3638 992 3683 librum
1010 3652 1101 3694 unum,
1122 3643 1146 3682 et
1161 3650 1221 3693 pau-

94 3741 138 3772 cos
158 3727 227 3771 uxori
245 3728 369 3773 Thraseae
383 3727 408 3772 in
426 3727 523 3770 Anniam
545 3731 648 3772 matrem
665 3739 769 3782 versus,
789 3739 892 3784 quaese
912 3732 966 3772 ante
987 3729 1067 3772 sirum
1086 3726 1218 3771 occiderat.

94 3814 184 3860 Omma
202 3821 282 3860 autem
302 3829 330 3860 ca
346 3815 467 3860 (lor-nutus
483 3819 566 3859 auctor
583 3804 636 3859 tait
652 3815 724 3858 snatri
743 3815 795 3860 eius
814 3819 839 3858 ut
856 3814 974 3860 aboleret.
1011 3814 1109 3859 Editum
1132 3813 1220 3860 libram

93 3903 208 3948 contmuo
226 3903 311 3948 mirari
329 3903 438 3948 homiues
456 3907 481 3947 et
497 3902 602 3957 diripere
621 3907 759 3970 coeperunt.
796 3902 907 3948 Decessit
924 3909 1003 3949 autem
1015 3903 1073 3947 sitio
1091 3901 1219 3958 stomachi,

93 4005 157 4035 anno
175 3991 259 4036 aetatis
277 3989 390 4036 XXIII.
428 3988 567 4052 (integram
585 3989 686 4036 servasi
701 3988 782 4036 lisicia*
798 3987 875 4036 huius
893 3991 959 4037 os'tue
971 3991 1143 4038 recensionem
1153 4005 1219 4037 com-

88 4077 237 4138 parandum
255 4092 311 4124 cum
329 4077 513 4125 recentioribus
530 4077 644 4124 Suetonii
660 4077 822 4125 editionibus.
842 4075 903 4138 Oa.)
