2782 4762
137 363 303 444 Tympana
323 373 407 426 tenta
426 372 538 427 tonant
559 359 672 444 palmis
695 371 726 424 et
749 360 894 441 cymbala
912 357 1033 422 circum

136 464 292 529 Concava
313 464 550 551 raucisonoque
574 462 730 527 minantur
748 484 869 528 cornua
888 472 981 524 cantu
1192 456 1254 519 610

136 570 181 631 Et
202 566 352 652 Phrygio
374 567 513 632 stimulat
534 589 666 631 numero
691 587 769 630 cava
791 564 870 628 tibia
893 561 1042 636 menteis3

137 670 280 755 Telaque
301 679 529 752 praeportant,
554 668 689 735 violenti
711 668 803 753 signa
824 664 964 742 luroris,

136 774 288 856 Ingratos
308 771 430 837 animos
451 784 545 859 atque
567 770 665 856 impia
686 783 821 855 pectora
844 767 937 852 volgi

138 875 337 939 Conterrere
361 886 445 939 metu
468 897 548 960 quae
569 873 697 957 possint
718 873 844 937 numine
867 871 971 935 divae.

200 980 312 1061 Ergo,
336 999 432 1062 quom
455 976 591 1060 primum
615 998 744 1060 magnas
764 975 892 1039 invecta
913 995 973 1057 per
997 970 1103 1036 urbeis
1190 974 1250 1036 625

136 1079 308 1143 Munificat
332 1079 429 1144 tacita
452 1078 615 1144 mortaleis
637 1090 722 1142 muta
744 1079 859 1154 salute,

134 1187 224 1246 Aere
247 1193 342 1268 atque
365 1195 499 1267 argento
523 1194 667 1246 sternunt
689 1181 751 1245 iter
772 1201 866 1245 omne
888 1179 1028 1254 viarum,

135 1284 302 1368 Largilica
322 1285 402 1368 stipe
425 1285 578 1361 ditantes3
600 1285 800 1371 ninguntque
822 1304 969 1348 rosarum

134 1387 305 1463 Floribus,
329 1391 511 1452 umbrantes
534 1389 677 1452 Matrem
700 1385 916 1471 comitumque
940 1396 1113 1450 catervam.

136 1490 200 1553 Hic
222 1502 341 1553 artuata
366 1512 492 1565 manus,
517 1491 653 1556 Curetas
674 1488 801 1555 nomine
826 1488 919 1552 Graii
1193 1492 1254 1554 630

136 1594 228 1674 Quos
249 1605 425 1658 memorant
444 1593 629 1678 Phrygios,
651 1593 734 1657 inter
756 1615 789 1657 se
811 1592 899 1657 forte
924 1601 1049 1654 catenas

136 1697 269 1758 Ludunt
292 1696 324 1758 iu
346 1718 573 1781 numerumque
595 1696 768 1772 exsultant,
792 1694 945 1781 sanguine
966 1693 1070 1770 fletei3

136 1797 313 1861 Terrificas
335 1798 471 1880 capitum
492 1798 670 1883 quatientes
691 1798 818 1861 numine
841 1798 972 1872 cristas,

135 1900 289 1966 Dictaeos
311 1901 455 1964 referunt
478 1901 634 1976 Curetas,
658 1900 732 1985 quei
750 1900 842 1965 Iovis
866 1900 964 1965 ollmn

137 2005 289 2090 Vagitum
312 2005 344 2067 in
368 2004 466 2068 Creta
488 2007 649 2090 quondam
672 2004 850 2067 occultasse
869 2004 1035 2078 feruntur;
1089 2053 1092 2058 .
1194 2003 1253 2066 635

136 2108 240 2187 Quom
262 2106 374 2190 puerei
394 2105 514 2170 circum
533 2129 666 2190 puerum
684 2107 818 2189 pernice
839 2108 960 2170 chorea

135 2209 281 2273 Armatei
297 2209 335 2283 in
357 2231 519 2272 numerum
540 2209 704 2292 pulsarent
722 2209 849 2274 aeribus
866 2231 954 2286 aera,

135 2315 184 2376 Ne
206 2316 362 2377 Saturnus
385 2333 455 2375 eum
475 2311 565 2374 malis
587 2315 750 2375 mandaret
772 2316 904 2396 adeptus

135 2419 373 2500 Aeternumque
396 2419 486 2479 daret
505 2413 600 2476 matri
621 2416 679 2477 sub
701 2426 836 2496 pectore
859 2417 987 2481 volnus.

135 2520 316 2601 Propterea
341 2540 485 2604 magnam
508 2517 639 2580 armatei
660 2520 801 2581 Matrem
824 2518 1038 2585 comitantur:
1191 2527 1253 2590 610

134 2687 240 2765 όρμόν.
279 2694 399 2746 Fuerunt,
422 2694 461 2750 qui
473 2689 544 2751 sorte
562 2695 659 2750 antique
678 2707 722 2748 pro
733 2689 841 2751 sortiter
858 2696 962 2750 positam
981 2709 1033 2741 esse
1053 2704 1180 2753 putarent,
1201 2703 1251 2758 qui-

133 2766 178 2808 bus
196 2764 305 2820 equidem
329 2764 441 2808 assentiri
466 2776 568 2820 nequeo.
606 2763 702 2807 Nullum
726 2764 791 2807 euim
815 2764 884 2808 huius
912 2764 1094 2822 significationis
1118 2772 1251 2825 exemptum

133 2839 221 2879 exstat.
257 2833 303 2876 Est
320 2839 413 2877 nutem:
433 2834 542 2877 saltando
562 2837 680 2890 tamquam
699 2837 795 2877 catenas
813 2834 922 2878 inanibus
941 2848 995 2879 sess
1014 2836 1115 2881 invicem
1133 2842 1251 2894 complexi

133 2907 236 2956 discunt,
256 2903 280 2947 iu
298 2910 383 2960 gyrum
402 2904 517 2948 velociter
535 2916 561 2947 se
580 2908 713 2948 moventes.
750 2903 803 2946 Cir.
816 2904 917 2948 Lucian.
939 2907 967 2948 de
984 2906 1043 2949 Satt.
1061 2906 1083 2964 1.
1100 2905 1140 2950 12.
1155 2921 1178 2962 p.
1191 2906 1249 2954 550.

134 2974 254 3020 Schmied.
292 2973 404 3017 Conferri
426 2978 526 3027 possunt
549 2975 618 3018 Statii
641 2971 719 3030 (sylv.
734 2969 764 3026 2,
786 2971 814 3026 1,
838 2970 908 3026 110.)
958 2980 1087 3019 catenatos
1105 2976 1251 3033 palaestrae

133 3047 231 3100 praeter
240 3043 293 3089 Liv.
303 3040 344 3096 27,
360 3040 401 3091 37.
414 3067 445 3076 -
455 3045 564 3099 Appulei.
574 3045 634 3090 Met.
645 3039 686 3087 10.
700 3055 725 3098 p.
736 3038 796 3086 131.
811 3040 852 3086 11.
865 3057 888 3098 p.
898 3040 956 3088 161.
977 3044 1040 3090 Oud.
1056 3047 1123 3091 loeus
1136 3049 1250 3092 classicus·

134 3118 162 3158 de
180 3113 283 3167 Cybele:
321 3110 361 3156 En
378 3112 468 3156 adsum
486 3113 537 3157 tuis
555 3118 690 3166 commota,
719 3111 797 3166 Luci,
816 3113 956 3172 precibus,
985 3129 1071 3160 rerum
1088 3115 1188 3162 Natura
1202 3133 1249 3176 pa-

133 3197 209 3238 rens,
240 3183 416 3226 elementorum
434 3182 549 3236 domina,
578 3182 719 3226 seculorum
734 3183 873 3242 progenies
894 3184 1021 3239 initialis,
1053 3199 1152 3230 summa
1170 3189 1250 3232 numi-

132 3267 208 3306 num,
240 3253 332 3311 regina
349 3251 481 3305 Manium,
509 3252 595 3309 prima
620 3253 751 3306 caelitum,
784 3252 896 3297 Deorum
912 3252 1074 3314 Dearumque
1085 3252 1175 3314 facies
1194 3258 1249 3302 uni·

125 3320 224 3382 formis
231 3335 243 3376 ;
270 3337 333 3381 quae
351 3323 417 3366 caeli
433 3322 560 3366 luminosa
577 3323 703 3376 culmina,
730 3322 812 3366 maris
828 3322 944 3366 salubria
957 3320 1082 3387 flamina,
1109 3323 1254 3385 inferorum

132 3392 264 3450 deplorata
283 3393 385 3436 silentia
403 3390 504 3437 nutibus
522 3393 586 3437 meis
603 3392 738 3449 dispenso:
769 3393 841 3436 cuius
864 3407 956 3437 numen
980 3395 1082 3439 unicum
1100 3393 1251 3456 multiformi

132 3463 234 3521 specie,
254 3462 306 3505 ritu
324 3465 407 3517 uario,
428 3463 526 3505 nomine
541 3462 675 3521 multiiugo
694 3467 758 3506 totus
777 3469 910 3506 ueneratur
928 3463 1006 3508 orbis.
1043 3462 1085 3508 Me
1102 3467 1252 3527 primigenii

131 3531 251 3592 Phryges
268 3531 470 3576 Pessinunticam
493 3532 623 3576 nominant
639 3529 720 3576 Deum
744 3538 850 3575 matrem
855 3544 866 3585 ;
896 3531 955 3577 hinc
973 3532 1154 3580 Autochthones
1172 3537 1250 3581 Attici

132 3600 280 3658 Cecropiam
297 3600 456 3654 Mineruam
486 3602 558 3645 illinc
577 3602 732 3664 fluctuantes
751 3598 841 3660 Cyprii
857 3600 979 3661 Paphiam
999 3603 1133 3660 Venerem,
1166 3602 1249 3650 Cretes

132 3668 275 3730 sagittiferi
296 3671 453 3732 Dictynnam
476 3669 605 3716 Dianam:
640 3672 721 3716 Siculi
748 3673 884 3731 trilingues
908 3672 1027 3733 Stygiam
1050 3675 1250 3733 Proserpinam

132 3741 260 3786 Eleusinii
277 3746 397 3786 uetustam
414 3740 496 3785 Deam
514 3737 647 3794 Cererem;
664 3742 783 3785 lunonem
801 3742 863 3795 alii,
883 3740 1029 3799 Bellonam,
1048 3742 1171 3789 Hecatam
1190 3747 1248 3799 isti,

132 3810 314 3855 Rhamnusiam
330 3812 383 3865 illi,
403 3817 440 3865 et,
461 3810 504 3869 qui
520 3811 649 3856 nascentis
667 3810 708 3855 dei
719 3810 786 3855 Solis
805 3808 979 3856 inchoantibus
992 3814 1154 3858 illustrantur
1168 3815 1250 3860 radiis

131 3879 266 3938 Aethiopes
294 3879 397 3940 Ariique
419 3881 557 3939 priscaque
584 3880 700 3926 doctrina
725 3882 848 3937 pollentes
875 3880 1011 3942 Aegyptii,
1041 3884 1187 3930 cerimoniis
1212 3897 1250 3929 me

127 3952 245 4009 propriis
259 3953 431 4006 percolentes,
463 3952 591 4008 appellant
614 3964 672 3995 aero
700 3951 799 3994 nominc
826 3952 943 4010 reginam
961 3951 1063 3998 Isidem.
1120 3953 1178 4000 632.
1193 3955 1251 4017 fleti

131 4022 192 4065 Cod.
208 4021 233 4066 5.
247 4022 288 4064 alil
304 4035 342 4078 ap.
356 4021 480 4066 Ptemtt.
501 4045 533 4054 -
547 4021 619 4084 flecti
634 4023 662 4066 C.
684 4044 716 4054 -
726 4017 794 4079 freti
808 4021 969 4065 Emmaus.
985 4022 1046 4067 Edd.
1061 4030 1117 4068 vett.
1139 4049 1170 4059 ·-
1189 4026 1250 4069 laeti

129 4093 203 4136 vind.
218 4090 248 4134 Α,
263 4090 292 4134 L.
313 4113 347 4124 -
363 4091 463 4136 Ludunt
480 4090 506 4134 in
519 4105 666 4146 numerum,
686 4097 759 4150 atque
772 4093 902 4135 exsultant
913 4093 1104 4151 sanguinolenti
1121 4095 1200 4139 Bentl.
1217 4116 1245 4126 -

130 4167 154 4206 et
168 4166 224 4217 post
235 4159 292 4222 fleti
310 4164 368 4218 apud
388 4163 447 4206 llas.
467 4162 543 4205 Codtl.
563 4176 609 4207 non
628 4166 766 4221 agnoscunt.
787 4160 1094 4216 contaminarunt.
1114 4177 1168 4222 pag.
1189 4161 1248 4210 199.

129 4237 211 4275 mater·
226 4257 234 4266 -
249 4255 258 4266 ·
272 4231 337 4296 fleta
356 4239 379 4276 et
396 4233 543 4277 lacrimosa.
