2782 4762
127 187 169 249 04

125 329 171 409 Et
193 341 306 407 mulier
327 339 498 407 coniuncta
520 333 597 402 viro·
619 334 780 402 concessit
801 333 835 400 in
856 357 969 413 unum,
1113 345 1115 350 '
1164 335 1248 399 1010

127 446 290 531 Castaque
308 442 455 528 privatae
478 439 618 507 Veneris
641 438 803 507 connubia
823 437 906 504 laeta

129 548 274 634 Cognita
296 557 368 611 sunt
387 543 578 629 prolemque
600 563 641 606 ex
663 562 697 605 se
718 541 829 606 videre
850 548 1008 617 creatam;

129 654 213 716 Tum
235 669 334 733 genus
354 649 526 712 humanum
548 643 688 728 primum
709 643 899 708 mollescere
919 642 1041 727 eoepit.

126 752 218 839 Ignis
237 752 322 816 enim
345 748 489 826 curavit,
512 759 547 811 ut
565 745 643 811 alsia
667 767 811 834 corpora
831 745 938 830 frigus

127 858 206 921 Non
224 853 271 919 ita
288 853 352 918 iam
369 861 503 935 possent
524 848 605 914 caeli
626 850 685 913 sub
707 847 847 933 tegmine
868 848 978 914 ferre:
1168 847 1251 910 1015

42 969 44 976 '
127 959 173 1023 Et
194 957 307 1021 Venus
330 952 488 1019 imminuit
511 950 611 1017 vireis
637 949 813 1037 puereiquc
835 961 1003 1033 parentum

127 1056 301 1125 Blanditiis
322 1055 418 1121 facile
441 1053 605 1140 ingenium
623 1053 755 1138 fregere
777 1038 965 1136 superbum.

128 1164 224 1226 Tune
245 1170 277 1225 et
295 1156 468 1223 amicitiem
489 1165 667 1241 coeperunt
684 1154 819 1239 iungere
842 1156 996 1220 habentes

128 1260 300 1330 Finitumei
316 1260 401 1325 inter
419 1282 453 1324 se
471 1280 531 1325 nec
546 1258 675 1323 laedere
691 1278 751 1321 nee
769 1257 913 1334 violarc3

128 1369 174 1431 Et
197 1386 317 1449 pueros
341 1364 603 1428 commendarunt
626 1359 844 1447 muliebreque
867 1361 986 1426 seclum
1169 1360 1253 1424 1020

131 1468 284 1533 Vocibus
306 1477 338 1531 et
358 1475 467 1550 gestu,
489 1484 589 1550 quom
611 1463 707 1527 balbe
724 1461 944 1548 significarent
1219 1453 1223 1459 ’

131 1568 377 1635 Imbecillorum
399 1589 467 1631 esse
491 1585 627 1651 aequom
649 1563 834 1628 misererier
855 1565 957 1632 omni.

129 1675 209 1739 Non
231 1681 337 1735 tamen
361 1666 554 1734 omnimodis
574 1677 705 1751 poterat
727 1667 905 1732 concordia
930 1666 1040 1753 gigni:

130 1777 194 1840 Sed
212 1776 300 1840 bona
321 1792 499 1857 magnaque
521 1792 598 1853 pars
620 1771 793 1834 servabant
812 1764 947 1836 foedera
968 1770 1084 1850 castei3

128 1879 198 1964 Aut
220 1899 320 1974 genus
339 1877 510 1939 humanum
531 1872 594 1937 iam
615 1883 684 1935 tum
702 1872 792 1936 foret
813 1894 908 1938 omne
928 1885 1130 1959 peremptum
1171 1876 1254 1940 1025

129 1981 202 2045 Nec
222 1977 380 2063 potuisset
402 1978 507 2040 adhuc
529 1978 709 2060 perducere
731 1974 817 2040 secla
838 1997 1006 2062 propago.
1046 2005 1051 2015 ¹

193 2085 241 2147 At
261 2079 374 2144 varios
394 2077 522 2164 linguae
546 2076 670 2143 sonitus
691 2088 805 2141 natura
826 2078 956 2163 subegit

130 2183 268 2250 Mittere
288 2193 320 2247 et
341 2180 461 2245 utilitas
483 2178 644 2263 expressit
662 2178 791 2244 nomina
813 2202 942 2245 reruma

130 2289 212 2353 Non
231 2283 293 2349 alia
311 2284 412 2368 longe
432 2280 577 2359 ratione,
600 2290 695 2367 atque
715 2278 787 2364 ipsa
809 2280 939 2348 videtur

129 2389 332 2455 Protrahere
350 2387 390 2449 ad
414 2396 538 2494 gestum
559 2404 681 2467 pueros
697 2381 833 2448 infantia
850 2383 1001 2471 linguae;
1172 2389 1257 2458 1030

185 2530 263 2580 1014.
276 2531 428 2577 elcioCodd.
436 2531 545 2588 plerique
553 2530 625 2576 etiam
631 2529 755 2575 Piietmei
763 2529 792 2575 G.
801 2530 832 2576 E.
840 2532 901 2578 Ver.
908 2533 973 2579 Veu.
984 2555 1018 2569 ·-·
1030 2533 1254 2597 elglanargoE.

131 2605 255 2653 brimbs.
294 2598 372 2646 1018.
392 2600 424 2644 Ut
435 2613 490 2654 uos,
505 2599 585 2644 C.W.
599 2598 739 2645 amicitiam
753 2600 910 2647 E.asee.m.
920 2603 990 2650 1..fl.
1030 2602 1107 2652 1019.
1127 2607 1254 2655 necoda,

131 2676 191 2732 aliq.
205 2674 278 2718 etiam
288 2672 320 2716 Ε.
348 2671 408 2714 Pius
421 2670 444 2714 in
458 2669 522 2713 notis
532 2669 584 2727 (qui
597 2673 676 2714 tamen
688 2682 733 2725 pro
742 2667 862 2715 babentea
872 2672 968 2718 volebat
977 2672 1101 2732 eveniet.)
1115 2696 1145 2709 -
1156 2674 1256 2740 finium

132 2745 210 2790 codd.
222 2740 248 2788 4.
262 2741 324 2786 Edd.
336 2744 393 2784 vett.
407 2737 522 2801 finitimo
533 2739 578 2784 Ατ.
590 2737 667 2783 Ρ.-11.
685 2735 804 2784 lebenter
823 2741 919 2798 antique
935 2746 961 2786 nt
975 2756 1014 2799 ap.
1030 2744 1135 2790 Ennium
1149 2760 1177 2791 ae
1192 2749 1256 2792 Ver.

131 2827 216 2859 rocem
234 2825 279 2868 pro
294 2809 448 2856 habitantes.
488 2805 564 2854 1022.
584 2808 620 2852 ita
637 2807 714 2857 codd.
728 2807 790 2854 Eae.
804 2813 864 2855 vett.
883 2811 993 2856 omnium
1007 2813 1099 2860 rim-li.
1113 2826 1178 2872 „per
1189 2818 1255 2871 syni-

131 2883 198 2929 cesiu
216 2880 287 2928 scil.''
323 2876 400 2926 1024.
419 2877 556 2924 cercebant
567 2877 629 2923 Cdd.
644 2877 702 2935 aliq.
711 2908 719 2932 ,
738 2879 811 2924 etiam
822 2878 852 2923 E.
867 2879 898 2925 Α.
909 2879 940 2926 1..
951 2882 981 2926 ii.
992 2882 1069 2929 Forb.
1091 2906 1121 2919 -
1140 2885 1259 2932 seruabat

133 2967 163 2999 ex
178 2952 233 2997 aliis
249 2945 306 3009 (C.)
318 2949 380 3004 W„
399 2949 462 3006 quod
480 2947 684 2992 accommodatum
697 2951 735 2992 cst
748 2949 777 2991 ad
792 2960 816 2992 v.
827 2961 904 3006 pora.
930 2951 993 2995 Tum
1011 2957 1081 2998 cam
1099 2953 1129 3000 c·
1149 2958 1174 3000 et
1190 2955 1222 3002 Ε,
1241 2969 1257 3000 a

133 3035 183 3068 sec.
201 3034 236 3065 m.
275 3015 352 3064 1027.
372 3018 417 3062 Hie
432 3016 515 3071 loeus,
535 3018 556 3063 si
574 3029 628 3060 cum
644 3016 744 3072 Epicuri
761 3017 840 3072 Epist.
854 3020 884 3063 ad
893 3018 1042 3066 Herodotum
1052 3021 1074 3081 §.
1087 3020 1129 3068 44.
1141 3024 1255 3071 Schneid.

133 3090 241 3136 studiose
259 3088 413 3140 conferatur,
433 3089 457 3130 in
475 3087 561 3141 primis
579 3085 689 3140 docebit,
715 3100 817 3144 quanam
833 3092 886 3132 arte
903 3088 1030 3135 Lueretius
1048 3093 1073 3136 iu
1090 3095 1256 3150 praeceptoris

133 3159 240 3217 pedestri
259 3170 371 3202 sermone
389 3155 511 3200 reddendo
530 3156 719 3211 expoliendoque
738 3160 849 3201 versatus
868 3161 909 3202 sit.
945 3160 984 3204 Sic
1003 3165 1083 3206 autem
1100 3163 1157 3208 ille:
1176 3157 1256 3214 Ἀλλὰ

132 3224 194 3294 μὴν
211 3220 415 3289 ὑποληπτέον,
432 3220 484 3271 καὶ
502 3218 559 3286 την
577 3219 638 3272 τῶν
655 3217 818 3290 ἀνθρώπων
835 3221 929 3287 φύσιν
947 3224 1041 3278 πολλὰ
1059 3229 1112 3280 καλ
1128 3236 1257 3284 παντοῖα

131 3293 192 3349 ὑπὸ
210 3292 270 3346 τῶν
287 3288 387 3344 αὐτῶν
405 3287 587 3370 πραγμάτων
604 3288 781 3357 διδαχθῆναί
803 3306 835 3345 τε
858 3295 911 3344 καλ
927 3293 1172 3365 ἀναγκασθῆναι·
1201 3297 1257 3352 τὸν

132 3364 164 3418 δὲ
181 3359 329 3430 λογισμόν
347 3358 384 3413 τὰ
402 3357 463 3412 υπὸ
481 3356 593 3425 ταύτης
610 3359 853 3433 παρεγγυηθέντα
869 3363 923 3414 καὶ
933 3359 1060 3438 ὕστερον
1072 3366 1258 3441 ἐπακριβοῦν

132 3435 185 3487 καὶ
201 3426 475 3506 προσεξευρίσκειν,
505 3427 539 3480 έν
556 3428 612 3494 μέν
630 3443 692 3480 τισι
707 3428 832 3494 θᾶττον,
860 3430 893 3483 ἐν
917 3432 950 3485 δέ
972 3449 1034 3489 τισι
1054 3436 1256 3512 βραδύτερον·

131 3504 184 3556 καλ
200 3501 233 3554 ἐν
250 3502 307 3568 μέν
323 3514 386 3552 τισι
402 3495 479 3549 κατὰ
496 3496 654 3569 περιόδους
677 3498 729 3549 καὶ
751 3515 770 3561 χ
789 3495 880 3564 όνους
902 3504 1023 3568 μείζους
1045 3501 1105 3558 ἀπὸ
1124 3506 1184 3559 τόν
1199 3506 1258 3562 τοῦ

132 3570 279 3642 ἀπείρου,
297 3567 330 3620 ἐν
346 3567 379 3620 δέ
395 3582 458 3619 τισι
473 3569 537 3648 κατ’
554 3564 705 3632 ἐλάττους.
731 3515 818 3620 Ὅθεν
829 3572 882 3622 καὶ
898 3569 935 3623 τὰ
953 3570 1093 3640 ὀνόματα
1109 3572 1142 3640 ἐξ
1158 3576 1258 3652 ἀρχῆς

131 3641 175 3711 μή
195 3640 279 3693 θέσει
295 3635 451 3706 γενέσθαι,
477 3635 540 3688 αλλ’
566 3631 661 3701 αὐτὰς
687 3633 741 3701 τὰς
767 3634 875 3704 φύσεις
900 3639 961 3693 τῶν
985 3638 1163 3716 ἀνθρώπων,
1189 3646 1258 3700 καθ’

135 3708 250 3766 ἕκαστα
269 3703 343 3774 ἔθνη
369 3704 432 3757 ἴδια
458 3702 637 3785 πασχούσας
660 3704 742 3773 πάθη
760 3708 811 3759 καὶ
830 3705 890 3761 ἴδια
907 3709 1124 3778 λαμβανούσας
1138 3712 1258 3780 epam.

134 3794 256 3848 σματα,
286 3776 366 3839 ἰδίως
383 3773 438 3827 τόν
456 3775 533 3847 αέρα
552 3773 728 3841 ἐκπέμπειν,
757 3776 955 3845 στελλόμενον
973 3775 1026 3844 ὐφ’
1046 3781 1182 3837 ἑκάστων
1197 3784 1258 3840 γᾶ,

132 3848 236 3902 παθῶν
250 3845 378 3899 καὶτῶν
396 3841 638 3910 φαντασμάτων,
656 3841 696 3908 ός
712 3839 752 3896 ἄν
768 3860 840 3899 ποτε
856 3850 908 3901 καὶ
925 3844 945 3916 ἡ
963 3846 1043 3920 παρὰ
1060 3851 1134 3918 τοδς
1145 3851 1259 3921 τόπους

132 3917 192 3973 τῶν
212 3916 306 3969 ε’θνῶν
323 3909 457 3986 διαφορὰ
474 3908 531 3977 εἴη·
565 3909 702 3985 Ὕστερον
719 3913 752 3966 δέ
769 3916 878 3982 κοινῶς
898 3917 964 3970 καθ’
986 3915 1102 3974 ἕκαστα
1121 3919 1198 3991 ἔθνη
1219 3923 1258 3979 τὰ

134 3984 351 4070 ζδιαιτεθῆναι,
380 3981 457 4056 πρὸς
481 3979 518 4033 τό
544 3978 599 4045 τὰς
621 3978 762 4049 δηλώσεις
788 3976 880 4051 ἧττον
904 3983 1095 4056 ἀμφιβόλους
1117 3993 1260 4061 γενέσθαι

134 4053 273 4121 αλληλοις
296 4054 348 4104 καὶ
374 4051 606 4123 συντομωτέρως
624 4050 818 4119 δηλουμένας.
844 4053 927 4109 ,Τινὰ
945 4057 1042 4110 δὲκαὶ
1062 4058 1100 4114 cai
1121 4062 1260 4136 συνορώ-

133 4140 211 4194 μενα
239 4119 400 4205 πράγματα
422 4120 510 4184 εἰσφέ
530 4136 619 4184 οντας
645 4119 719 4184 τοὺς
742 4121 916 4190 συνειδότας
941 4131 1150 4200 παρεγγυῆσαί
1175 4148 1259 4198 τινας

134 4194 308 4274 φθόγγους·
336 4189 390 4251 [ων
408 4193 473 4253 τοῖς
527 4189 554 4252 ν]
574 4186 818 4258 ἀναγκασθέντας
837 4189 1052 4265 ἀναφωνῆσαι,
1080 4200 1154 4267 τοὺς
1168 4201 1200 4255 δὲ
1216 4203 1258 4274 τῷ

134 4266 268 4335 λογισμφ
285 4259 452 4329 επομένους
473 4258 552 4312 κατὰ
568 4257 625 4328 τὴν
642 4259 782 4329 πλείστην
802 4265 917 4334 αἰτίαν,
946 4263 1050 4336 οὕτως·
1063 4267 1258 4346 ἑρμηνεῦσαι,
