2782 4762
349 328 461 411 Qualis
485 326 628 394 ascendit
649 327 741 393 Dea!
763 337 832 393 tota
852 326 987 410 pulchra
1093 342 1096 347 '

349 431 483 497 Gandiis
507 442 644 517 genamat
666 430 812 515 liquidis,
835 453 961 518 suoque
983 433 1031 497 in·

350 535 423 600 nixa
445 535 593 611 Dilecto,
619 535 774 600 volucres
795 556 856 617 per
878 557 971 599 ancras

437 637 593 704 Floribus
615 639 724 702 halat!

349 780 439 843 Talis
461 779 494 842 in
518 801 641 855 seram,
665 799 722 842 sua
743 798 864 863 regna,
890 790 1016 844 noctem

347 884 442 947 Luna
466 903 562 967 quom
586 881 675 946 venit
683 927 692 960 ,
717 892 867 945 tenuatur
890 884 1036 958 Aretos;

349 985 455 1049 Pallet
476 987 659 1061 Arcturus,
683 983 857 1070 positoque
879 984 970 1050 ferro

433 1090 584 1172 Langnet
606 1087 725 1152 Orion.

349 1229 438 1292 Talis
461 1228 557 1291 electi
577 1229 742 1312 speciosus
765 1227 832 1293 oris

347 1332 521 1407 Phoebus,
544 1333 675 1395 Aurora
698 1331 900 1409 lacrimante,
925 1331 1026 1409 ridet,

350 1433 487 1516 Quando
511 1434 647 1497 cristatis
670 1434 785 1499 avibus
808 1455 977 1499 coruscum

433 1539 533 1602 Mane
555 1537 743 1620 precatur.''
815 1613 817 1617 ἢ

348 1678 440 1742 Inter
461 1678 518 1742 has
541 1700 659 1753 voees,
685 1677 785 1764 magis
808 1679 934 1742 elevata

343 1780 492 1845 Brachiis
514 1783 591 1845 Nati
614 1802 746 1864 superas
768 1781 802 1844 id
825 1802 936 1858 omne,

350 1886 447 1966 Quod
469 1885 557 1948 Deus
581 1906 645 1949 non
667 1896 736 1961 est,
761 1885 962 1969 animumque
983 1896 1056 1950 toto

433 1987 571 2051 Numine
593 1987 729 2071 mergis.

348 2130 489 2214 Merge:
513 2132 585 2192 dum
608 2128 693 2192 dulci
716 2129 811 2192 maris
834 2150 851 2192 e
873 2128 1038 2212 profundo

348 2232 446 2312 Qutod
466 2232 667 2314 superfusum
689 2232 789 2309 bibis,
813 2253 874 2295 una
896 2232 1007 2296 saltem

348 2333 447 2397 Gutta
470 2333 598 2398 distillet
619 2335 828 2420 lacrimasque
850 2336 954 2400 nostri

434 2438 609 2519 Temperet
632 2439 740 2501 orbis!

628 2608 851 2627 ,ἡ

347 2756 413 2819 ΙΧ.
451 2756 515 2820 ΑΒ
539 2755 848 2822 FRANCISCUM
870 2757 1130 2822 RAGUSIUM.

525 2897 692 2983 Symbola
712 2899 949 2983 Pythagorae.

347 3034 423 3099 Vile
446 3058 484 3100 ne
506 3037 562 3098 fiat
576 3035 642 3100 'tibi
664 3039 791 3100 Numen
812 3059 890 3115 usur,

349 3140 455 3219 Quom
478 3139 555 3202 nihil
578 3139 676 3203 maius
701 3152 874 3226 generetur
896 3140 982 3222 ipso.

348 3245 403 3308 Ne
426 3247 540 3307 Deum
562 3245 690 3322 caeles,
714 3244 892 3328 digitoque
911 3257 1027 3328 portet

433 3349 593 3410 Annulus
614 3349 773 3410 haerens.

349 3486 530 3551 Fervidam
552 3487 685 3570 spumis
707 3509 786 3550 eave
807 3491 923 3551 laesus
945 3491 1050 3552 ollam

350 3591 526 3664 Concites5
548 3611 616 3654 non
639 3602 690 3655 est
699 3589 923 3681 fodicandus
944 3591 1038 3676 ignis

350 3697 457 3759 Ense.
502 3693 614 3776 Sopita
637 3693 760 3758 cineres
783 3694 951 3779 quiescunt

435 3797 550 3860 Tutius
572 3797 631 3860 ira.

348 3938 438 4001 Dura
454 3936 611 4001 constanti
626 3958 741 4020 supera
757 3937 891 4012 labore,

350 4039 477 4122 Coepta
499 4061 650 4104 successu
672 4051 886 4123 properanter
909 4061 1008 4124 urge:

352 4146 395 4210 Ut
417 4143 503 4207 nihil
511 4141 638 4236 faecis
659 4144 829 4210 bibiturus
851 4144 888 4207 in
909 4165 987 4207 era·

433 4259 502 4311 tere
524 4247 710 4334 relinquas.
