2782 4762
98 326 223 389 Voster
246 345 350 404 onyx,
375 334 463 386 casto
483 319 591 402 petitis
613 339 694 403 quae
716 317 786 380 iura
810 314 921 378 cubili.

164 428 227 489 Sed
249 447 328 509 quae
352 446 385 487 so
404 423 531 505 impuro
556 420 642 483 dedit
664 416 839 491 adulterio,

99 526 192 592 Illius
214 528 255 589 ah
277 525 357 588 mala
381 529 465 589 dona
487 523 567 586 levis
587 521 678 584 bibat
697 517 788 581 irrita
809 517 932 600 pulvis!

162 630 310 713 Namque
333 648 397 711 ego
422 629 460 687 ab
484 623 624 707 indignis
649 619 791 706 praemia
812 619 897 681 nulla
917 629 1008 702 peto.

102 729 157 793 sie
179 728 297 812 magis,
322 749 341 791 ο
364 738 496 809 nuptae,
520 746 645 806 semper
668 720 844 787 concordia
865 731 992 783 vostras

164 833 298 910 Semper
321 851 412 892 amor
434 825 535 890 sedois
557 825 678 888 incolat
701 822 856 886 assiduus.

102 934 153 995 Tu
176 952 276 1007 nero,
299 929 433 1012 regina,
453 940 543 990 tuens
565 949 663 1011 quom
684 925 790 989 sidera
810 923 915 987 divam

166 1030 317 1096 Placebis
339 1029 429 1092 iestis
450 1027 620 1091 luminibus
639 1029 816 1101 Venerem,

101 1131 260 1216 Unguinis
278 1142 443 1214 expertem
467 1151 532 1193 non
556 1127 670 1191 siveris
689 1150 757 1191 esse
779 1140 862 1190 tuam
886 1147 951 1201 me,

162 1236 226 1297 Sed
248 1232 357 1315 potius
380 1230 479 1315 largis
503 1232 591 1293 affice
615 1229 808 1292 muneribus.

101 1474 153 1507 enm
180 1461 224 1506 Cd.
248 1474 295 1504 nno
321 1474 334 1503 a
362 1473 412 1504 sec.
433 1473 503 1502 rnanu
522 1458 620 1502 anbm.
664 1460 710 1503 Sed
728 1458 799 1501 niinis
818 1458 934 1502 violenter
953 1459 987 1502 sie
1005 1459 1104 1503 distrahi
1123 1461 1217 1506 videtur

101 1531 216 1586 particula
241 1535 385 1587 postquem.
434 1525 477 1576 80.
505 1526 560 1573 Non
590 1533 649 1584 post
678 1527 806 1570 unanimis
840 1539 948 1584 corpora
983 1528 1151 1588 coniugibus,
1185 1531 1219 1573 ita

101 1588 194 1653 Godd.,
231 1599 278 1642 nisi
314 1599 376 1654 qood
411 1597 506 1653 quidam
545 1596 632 1640 habent
665 1597 702 1639 vel
739 1608 843 1652 corpore
878 1597 916 1639 vel
953 1596 1073 1652 vincula,
1104 1604 1129 1641 ut
1158 1599 1219 1643 Per-

99 1668 146 1712 reii
165 1673 189 1711 et
201 1666 290 1710 Cololii
304 1667 460 1719 collationes,
480 1679 501 1709 s.
516 1667 728 1719 interpolationes,
750 1665 803 1708 Vie.
818 1665 885 1707 Bria.
902 1667 961 1708 unde
975 1665 1087 1710 Heinsius
1101 1667 1223 1710 divinabat

45 1771 50 1778 .
100 1737 215 1796 cingula.
239 1735 299 1779 Post
322 1741 416 1788 antem,
445 1748 517 1790 quum
535 1735 635 1778 ridicule
654 1735 712 1776 satis
730 1734 885 1787 interpretari
904 1734 1025 1787 solerent,
1053 1736 1218 1794 coniugibus,

101 1807 143 1865 qui
158 1809 216 1864 post
233 1804 334 1860 nuptias
352 1816 402 1846 non
421 1803 472 1845 iam
490 1809 564 1846 erunt
580 1801 733 1856 concordes,
760 1802 882 1845 Palladius
901 1802 992 1845 Fuscus
1011 1804 1033 1845 in
1049 1805 1125 1859 prius
1144 1809 1222 1848 muta.

99 1876 148 1928 vit,
168 1875 238 1931 idque
257 1873 360 1927 amplexi
379 1878 434 1916 sunt
451 1872 495 1917 Αι.
510 1873 581 1915 Aldd.
595 1873 680 1915 Valet.
694 1872 765 1914 Fosc.
786 1872 832 1914 Sed
850 1871 895 1914 hoe
909 1872 984 1914 noluit
997 1871 1120 1916 Catullus:
1141 1873 1218 1927 Nunc,

101 1957 130 1988 ex
143 1956 190 1999 quo
203 1942 226 1985 in
239 1943 319 1985 sidera
332 1944 406 1984 relata
419 1955 490 1994 snm,
503 1946 577 1997 poet,
598 1940 637 1995 (in
651 1945 789 1994 posterum,
809 1940 921 1993 posthac,
935 1939 1018 1982 utiam
1031 1941 1122 1995 accepit
1134 1941 1220 1996 Voss.)

100 2013 173 2056 nolite
186 2011 328 2069 coniugibus
341 2012 435 2054 tradere
448 2023 565 2064 corpora,
580 2009 639 2067 quin
648 2014 693 2052 est.
724 2006 766 2051 81.
781 2013 874 2051 retecta
886 2007 962 2051 Codd.
976 2010 1050 2052 Voss.
1064 2009 1179 2054 Ainbros.
1194 2007 1219 2054 3.

103 2078 146 2125 8².
166 2093 241 2139 quum
254 2080 330 2123 Codd.
345 2092 397 2122 scr.
419 2100 448 2110 -·
469 2092 543 2137 quum
556 2078 601 2122 Ed.
614 2092 651 2132 pr.
666 2097 699 2108 -
717 2091 766 2135 qua
781 2078 844 2120 Scnl.
856 2079 930 2120 Voss.
950 2100 982 2109 -
1002 2091 1063 2135 quus
1076 2079 1219 2134 Fab.Vulp.

101 2149 198 2204 Optima
216 2148 342 2192 videbatur
359 2147 457 2190 Lachm.
484 2149 548 2190 coni.
567 2147 643 2205 pitin:
671 2160 812 2203 quamquam
831 2146 924 2189 Censor
944 2147 994 2189 len.
1021 2161 1094 2204 quom
1119 2149 1221 2203 explicat

100 2231 174 2277 quom
192 2217 236 2260 si:
254 2217 343 2260 mirum
362 2221 439 2260 lamen
460 2217 494 2258 sic
510 2227 620 2272 quoque:
641 2228 690 2258 non
706 2221 765 2271 post
783 2239 793 2250 ·
812 2240 821 2250 ·
841 2216 960 2274 quamsi.
986 2216 1075 2259 Totum
1088 2218 1165 2260 locum
1178 2217 1220 2261 ab·

101 2288 172 2330 surde
191 2286 224 2329 ita
242 2286 390 2340 exponebat:
419 2284 485 2328 Nune
510 2298 568 2338 eos,
601 2298 719 2338 corpora,
750 2298 809 2339 quae
834 2286 902 2327 taeda
927 2284 1003 2328 inurit
1027 2284 1115 2330 lumine
1139 2292 1221 2342 optato

101 2354 242 2412 coningibus
261 2368 308 2397 non
327 2358 381 2408 post
395 2355 531 2406 unanimis,
563 2355 676 2396 nudantes
702 2354 801 2407 papillas
825 2354 916 2397 reiecta
940 2358 1019 2406 vesle,
1053 2356 1137 2399 tradite
1162 2356 1220 2399 mibi

101 2437 202 2467 munera
215 2423 330 2476 incunda,
350 2437 410 2479 quae
430 2436 493 2476 onyx
510 2423 566 2464 mihi
588 2422 653 2464 libet.
692 2419 735 2465 83.
751 2422 840 2479 petitis
853 2423 913 2465 Cod.
928 2422 991 2466 Scal.
1006 2423 1050 2466 Ed.
1066 2437 1103 2476 pr.
1118 2425 1150 2469 al.
1161 2429 1219 2469 vett.

100 2494 187 2537 Valet.
201 2492 274 2535 rosc.
296 2491 354 2534 Scit.
376 2495 435 2535 iures
454 2497 538 2547 peiere
566 2486 604 2534 exv
622 2491 718 2546 antiqua
739 2491 799 2534 iuris
821 2490 924 2534 formula
943 2493 1005 2535 idem
1025 2497 1061 2535 est
1079 2495 1140 2549 qnod
1160 2507 1221 2537 nunc

102 2562 217 2614 dicimus,
237 2562 266 2603 ad
286 2560 387 2603 tribunal
402 2574 538 2604 recurrere.
560 2557 640 2616 (Ptin.
656 2561 685 2604 li.
701 2558 731 2603 N.
748 2557 761 2604 5
772 2592 778 2613 ,
796 2559 819 2603 l.
839 2560 897 2603 iura
909 2557 1039 2603 Buaticum
1047 2566 1134 2617 petere
1147 2562 1221 2606 iussa

101 2628 161 2682 eet.)
181 2629 205 2674 h.
226 2630 242 2672 Ι.
260 2631 389 2682 translate,
419 2642 478 2685 qnae
504 2642 541 2672 me
567 2633 676 2684 tanquam
704 2629 807 2686 coniugii
827 2629 941 2672 arbitrum
960 2644 987 2671 ac
1005 2630 1104 2673 tutelam
1123 2645 1221 2675 venera-

100 2699 176 2753 mini3
196 2697 297 2756 quiritis
317 2697 392 2741 Codd.
412 2697 527 2740 Ambros.
543 2693 566 2740 3.
593 2711 666 2755 quam
685 2697 758 2750 ritis,
779 2699 917 2755 queaeritis,
939 2698 1015 2741 Codd.
1037 2699 1137 2755 aliquot.
1159 2702 1220 2744 unde

104 2769 165 2811 Stat.
187 2766 305 2824 quntitis,
336 2766 397 2810 alius
415 2772 494 2809 autem
512 2766 670 2819 interpolator
687 2766 771 2809 colitis
788 2766 834 2809 Ed.
856 2764 931 2809 1481.
951 2765 1022 2809 ΑΙιΜ.
1077 2764 1119 2812 84.
1147 2767 1222 2811 dedat

102 2837 179 2882 Codd.
210 2836 302 2891 aliquot
328 2841 351 2880 et
374 2835 435 2879 Edd.
466 2835 582 2891 quaedam
610 2838 668 2879 vett.
699 2857 730 2868 ·-
754 2831 847 2892 foedet
873 2836 1011 2888 Peri-eius,
1043 2835 1123 2880 Colot.
1149 2837 1222 2881 solite

103 2905 304 2958 interpolatorum
320 2891 451 2962 elegantia,
472 2905 509 2946 cui
530 2903 647 2946 obnoxius
662 2903 686 2946 h.
704 2904 721 2946 l.
738 2916 831 2960 quoque
850 2904 897 2947 fnit
914 2904 1048 2947 Santenins.
1087 2902 1128 2949 85.
1149 2905 1220 2948 illius

102 2987 118 3016 n
135 2974 205 3016 mule
222 2971 288 3016 dona
305 2974 367 3017 levis
385 2973 452 3016 bibat
469 2972 545 3015 irritu
564 2973 639 3015 Codd.
657 2972 770 3015 Ambros.
790 2969 814 3033 4.
835 2973 926 3029 hocque
944 2987 998 3016 cum
1016 2974 1076 3017 Stat.
1094 2974 1166 3018 Fosc.
1186 2976 1220 3018 al.

101 3042 203 3098 praetuli
222 3041 329 3085 scribens
348 3039 389 3086 nli.
410 3042 515 3084 -illius
533 3042 602 3084 inula
620 3040 686 3083 dono
703 3042 721 3086 t.
742 3040 766 3084 8.·
786 3041 863 3084 irrito
881 3042 926 3084 Ed.
945 3055 981 3097 pr.
995 3042 1049 3086 ΑΜ,
1068 3041 1090 3087 t.
1106 3043 1165 3086 Hinc
1179 3045 1220 3088 de-

101 3125 166 3155 mum
186 3115 240 3153 unta
258 3111 352 3154 videtur
370 3112 482 3168 elegans,
504 3112 544 3154 sed
564 3112 623 3153 itala
642 3110 777 3154 correctio:
798 3111 868 3153 illius
887 3124 952 3153 nura
965 3111 1027 3154 levis
1040 3110 1108 3155 bibat
1120 3118 1143 3155 et
1155 3110 1221 3155 dona

101 3181 177 3223 irrita
193 3179 216 3222 in
234 3178 309 3225 Codd.
326 3180 436 3236 quibusd.
456 3179 488 3234 (r.
507 3180 591 3222 Valck.
610 3193 632 3233 p.
649 3176 721 3234 197.)
736 3179 781 3226 Ed.
797 3177 872 3223 1474.
885 3179 940 3222 Ald.
954 3177 978 3223 2.
996 3186 1092 3234 recepta
1106 3196 1120 3224 a
1133 3183 1219 3225 Valck.

103 3247 145 3292 86.
165 3247 196 3290 ab
215 3247 333 3304 indigetis
354 3248 430 3291 Codd.
452 3248 565 3291 Ambros.
579 3249 608 3290 Y.
623 3247 651 3291 C.
672 3271 704 3280 -
724 3247 754 3290 ab
773 3247 902 3307 indigenis
924 3249 984 3292 Cod.
1002 3250 1116 3294 Amba-os.
1137 3252 1165 3294 B.
1186 3273 1219 3284 -

103 3315 216 3374 Namque
234 3330 281 3375 ego
299 3315 441 3377 indignatis
459 3316 521 3364 Cod.
535 3317 649 3361 Ambros.
664 3317 694 3374 Q.
706 3318 780 3363 Voss.
799 3318 832 3377 (i.
854 3332 877 3366 e,
897 3318 945 3375 „ab
964 3319 1013 3363 illis
1032 3333 1091 3378 quae
1110 3321 1221 3382 indignae.

101 3386 193 3429 inerint
209 3386 357 3431 iudicatae*
371 3383 458 3444 Voss.)
513 3384 554 3433 bl.
575 3385 625 3432 Sed
642 3391 726 3449 nitigis
746 3391 789 3435 Ed.
810 3392 887 3445 princ.
907 3391 1005 3434 Larbm.
1059 3389 1101 3435 88.
1122 3406 1222 3449 semper

103 3455 253 3510 concordia,
273 3462 386 3510 vostros,
407 3471 506 3513 semper
524 3456 600 3501 Amor
619 3458 690 3502 sedes
709 3460 801 3502 incolet
818 3461 903 3503 Valck.
954 3458 995 3504 91.
1015 3458 1156 3520 Sanguinis
1175 3476 1221 3504 ex·

100 3531 195 3582 perlem
214 3526 304 3568 restris
324 3527 506 3583 (itapleriqoe;
526 3527 571 3570 Ed,
592 3529 668 3581 princ.
691 3528 771 3571 verbis
799 3535 923 3572 monstres
955 3528 1035 3572 Colot.
1068 3531 1130 3574 cotis
1156 3531 1220 3573 Pon·

102 3593 164 3648 tan.)
210 3593 246 3637 lb.
275 3607 324 3638 reon
352 3608 408 3638 esse
433 3601 501 3638 tuum
524 3596 576 3650 (tui
606 3597 685 3643 Colot.
712 3611 793 3640 meum
814 3596 906 3650 Palat.)
925 3611 963 3639 me
982 3599 1014 3640 ita
1040 3600 1221 3652 corruptissime

103 3663 178 3706 Codd.
193 3667 216 3706 et
228 3663 288 3710 Edd.
304 3668 360 3708 vett.
381 3663 465 3707 Nullus
480 3665 539 3708 liber
553 3666 601 3709 Ms.
622 3671 699 3718 tuum,
724 3680 783 3722 quae
804 3672 840 3710 est
852 3666 944 3710 avenni
959 3667 1021 3710 coni.
1043 3692 1075 3700 —
1096 3667 1221 3727 Unguinis

47 3780 55 3789 ⁶
102 3732 181 3777 Bentl.
196 3733 259 3775 coni.
292 3754 321 3764 —
350 3746 399 3776 non
420 3734 511 3776 siveris
527 3735 589 3777 Scal.
611 3755 642 3764 -
667 3740 735 3777 tuom
749 3737 802 3779 ntd.
825 3759 857 3767 -
878 3734 1003 3794 Unguinis
1025 3743 1153 3793 expertem
1172 3751 1222 3781 non

103 3800 194 3844 s‘ieeris
213 3814 269 3843 esse
287 3807 373 3855 ωαψς
397 3814 436 3845 me
455 3801 500 3845 sed
513 3804 598 3859 potius
616 3804 699 3862 lurgis
718 3803 789 3864 office
808 3805 952 3847 muneribus
974 3807 1059 3849 Volck.
1089 3827 1123 3838 -
1150 3805 1222 3867 affice

105 3869 185 3916 Colot.
201 3871 265 3913 Scal.
288 3893 316 3902 —
338 3870 465 3929 Unguinis
483 3878 612 3927 expertem
631 3884 680 3915 saon
698 3872 762 3915 siris
782 3887 838 3916 esse
857 3878 924 3916 tuum
937 3888 992 3927 ine,
1012 3873 1063 3918 Sed
1071 3875 1155 3932 potius
1168 3876 1220 3918 Iur-

105 3938 148 3997 gie
161 3937 232 4000 effice
246 3940 390 3983 muneribus
410 3954 462 3983 cum
481 3940 580 3987 Lachm.
607 3955 667 3984 nune
686 3942 757 3994 dedi,
783 3942 829 3984 nisi
848 3944 909 3998 quod
929 3956 982 3985 cum
1001 3944 1043 3987 Br.
1063 3946 1135 3988 metri
1152 3959 1222 3988 causa

106 4009 197 4052 siveris
221 4009 337 4066 Scaligeri
364 4010 483 4066 integrum
507 4010 657 4054 retinendum
682 4015 744 4053 erat.
781 4012 804 4053 ln
831 4013 905 4054 altera
926 4012 1042 4066 lectione,
1069 4028 1145 4069 vquom
1164 4017 1222 4057 olim

107 4077 217 4121 exhibui:
252 4077 378 4137 Unguinis
397 4082 525 4133 expertem
543 4091 592 4122 non
610 4079 700 4121 sineris
728 4089 801 4121 esse:
828 4085 896 4122 tuam
913 4093 952 4122 me
970 4079 1020 4124 Sed
1033 4083 1118 4138 potius
1137 4083 1222 4142 largis

106 4145 175 4207 effice
194 4147 353 4200 muneribus,
385 4147 493 4202 placebat
510 4149 587 4201 ratio,
621 4162 689 4204 quam
714 4149 772 4191 haec
796 4149 969 4192 lectiomelius
987 4151 1092 4195 indicare
1112 4153 1219 4204 videtur,

107 4229 149 4259 cur
166 4218 190 4261 in
210 4217 340 4272 penultimo
359 4229 427 4261 versu
447 4218 579 4271 desiderat,
608 4230 694 4261 rursus
718 4222 743 4262 ut
766 4231 833 4261 coma
857 4218 924 4275 regia
947 4216 1001 4263 lint:
1034 4223 1075 4264 sed
1099 4235 1145 4264 non
1169 4223 1220 4264 sine
