2782 4762
1176 177 1240 240 295

118 334 301 400 filandibus
325 346 356 396 ct
379 356 478 415 purae
502 355 613 396 rursus
637 337 850 414 procumbere
873 324 1043 415 lympbae?
1073 366 1091 417 Ι,;
1106 349 1109 356 ·
1126 318 1148 341 '-

123 439 175 500 An
201 437 340 519 reliquas
363 448 464 498 terras
488 448 660 499 conservat
683 436 801 498 amicus
824 447 855 497 et
879 438 993 511 urbes,

126 541 190 602 Sed
213 560 312 621 genus
335 537 514 601 Ausonium
538 538 699 621 Romiquo
723 539 873 600 exturbat
895 536 1062 614 alumnos?

126 641 211 721 Quid
234 652 417 722 reputemus
441 639 547 702 enirn?
569 641 645 703 Duo
669 651 758 714 sunt,
785 638 1035 721 quibus‘extulit
1057 639 1169 723 ingens
1207 640 1248 701 20

125 746 229 807 Roma
253 754 368 823 eaput:
394 742 492 804 virtus
515 741 591 802 belli
614 753 646 804 et
668 741 818 822 sapientia
841 740 939 822 pacis.

125 847 191 908 Sed
215 844 316 906 virtus
340 842 459 928 agitata
482 843 567 906 dorni
589 854 620 905 et
642 841 812 905 socialibus
836 841 931 903 armis

126 951 162 1012 ln
184 947 265 1009 freta
290 945 432 1009 Sicaniae
455 957 486 1006 et
509 945 716 1028 Karthaginis
740 944 817 1007 exiit
841 965 930 1006 arces

126 1049 307 1131 Ceteraqne
330 1048 459 1129 imperia
485 1060 515 1108 et
538 1058 640 1110 totum
665 1047 756 1108 simul
779 1033 907 1109 abstulit
930 1050 1055 1109 orbern.

124 1151 266 1226 Deinde,
292 1150 380 1213 velut
402 1149 504 1211 stadio
529 1149 634 1211 vietor
657 1149 709 1231 qui
732 1149 820 1211 solus
843 1150 975 1212 Achaeo
1207 1147 1247 1213 25

125 1256 276 1336 Languet
299 1264 330 1314 et
352 1252 480 1314 immota
505 1272 609 1313 secum
634 1250 752 1312 virtute
775 1250 913 1323 fatiscit,

126 1355 179 1419 Sic
201 1354 307 1418 itidem
332 1355 477 1418 Romana
501 1375 629 1427 manus,
655 1355 849 1415 contendere
872 1362 1040 1433 postquam

124 1456 257 1519 Destitit
279 1469 310 1519 et
333 1477 442 1537 pacem
466 1455 571 1539 longis
593 1454 732 1516 frenavit
754 1453 906 1530 habenis,

124 1561 200 1641 Ipsa
224 1559 309 1621 dorni
330 1559 421 1642 leges
444 1569 476 1621 et
499 1557 596 1620 Graia
619 1557 747 1619 inventa
770 1567 967 1631 retractans,

126 1661 240 1725 Omnia
261 1661 419 1724 bellorum
444 1671 529 1722 terra
552 1659 694 1740 quaesita
718 1658 858 1739 marique

125 1762 271 1826 Praemia
296 1761 432 1826 consilio
456 1774 486 1823 et
509 1761 599 1824 molli
621 1760 746 1823 ratione
770 1763 917 1842 regebat.

125 1866 236 1927 Stabat
257 1866 289 1925 in
313 1865 383 1938 his;
407 1885 509 1947 neque
533 1863 613 1924 enim
636 1873 766 1943 poterat
788 1873 935 1924 constare
958 1860 1025 1924 sine
1047 1862 1147 1942 ipsis:

124 1968 192 2028 Aut
214 1966 333 2028 frustra
357 1965 453 2028 uxori
477 1968 675 2046 mendaxque
697 1963 862 2044 Diespiter
885 1963 979 2040 olim,

125 2067 320 2149 „imperium
343 2067 412 2129 sine
434 2067 497 2128 fine
521 2066 633 2141 dedi,''
657 2064 777 2128 dixisse
799 2068 969 2146 probatur.

124 2170 218 2231 Nunc
239 2168 357 2252 igitur,
383 2169 436 2250 qui
458 2189 510 2230 res
534 2169 696 2231 Romanas
718 2167 855 2248 imperat
876 2160 977 2239 inter,
1204 2168 1245 2230 35

123 2272 201 2333 Non
223 2274 338 2346 trabe,
364 2272 420 2332 sed
442 2282 537 2353 tergo
561 2270 731 2351 prolapsus
755 2281 786 2331 et
807 2268 953 2352 ingluvie
976 2267 1088 2345 albus,

125 2373 168 2433 Et
192 2372 292 2434 studia
316 2384 347 2434 et
369 2371 493 2454 sapiens
517 2370 678 2434 hominum
701 2392 880 2456 nomenque
904 2392 1067 2455 genusque

125 2473 239 2534 Omnia
263 2473 351 2535 abire
367 2473 462 2536 ¹foras
486 2487 580 2556 atque
603 2474 693 2536 Urbe
716 2475 873 2535 excedere
894 2473 998 2535 iussit.

125 2573 211 2654 Quid
232 2573 392 2636 facimus?
415 2574 534 2638 Graios
552 2574 782 2657 ¹hominumque
805 2574 988 2656 reliquimus
1010 2576 1126 2650 urbes,
1197 2556 1199 2561 ¹

121 2677 170 2740 2Ut
193 2677 337 2739 Romana
357 2675 448 2738 loret
472 2675 571 2759 magis
595 2677 642 2738 his
665 2677 821 2737 instructa
845 2674 1021 2758 magistris:
1199 2681 1245 2751 sto

124 2915 196 2956 rnalui
217 2916 287 2957 edere
306 2927 336 2957 ex
353 2915 435 2959 vineti
455 2916 547 2958 arnend.
567 2913 700 2973 domique,
720 2928 743 2958 v.
763 2915 829 2958 Fest.
851 2914 873 2957 in
892 2912 994 2956 Romam
1014 2916 1036 2956 et
1047 2913 1117 2956 Sera.
1139 2916 1167 2957 ad
1181 2915 1244 2961 alen.

126 2982 150 3036 1,
171 2979 230 3027 277.
250 2996 273 3026 r.
293 2983 377 3027 Burrn.
416 2980 457 3028 25.
478 2983 562 3027 studio
577 2985 631 3027 ΑΜ.
670 2982 712 3027 26.
732 2988 813 3027 ernotu
830 2983 913 3026 Burin.
931 2982 994 3025 coni.
1008 2981 1051 3025 th.
1064 2978 1243 3039 secessitdld.

125 3052 194 3105 prob.
217 3053 331 3096 Werosd.
370 3049 412 3096 34.
432 3052 500 3106 Apud
520 3053 590 3109 Vir-g.
612 3053 672 3096 Aen.
694 3051 724 3104 1,
746 3049 805 3096 276.
826 3050 899 3095 rerba
917 3055 972 3094 sunt
990 3051 1054 3110 loris
1073 3053 1244 3099 adVenerem.

124 3122 174 3163 Pro
193 3125 236 3164 aru
255 3120 283 3164 C.
304 3121 334 3164 ll.
356 3121 384 3165 Δ.
406 3122 429 3164 in
449 3121 586 3165 Observatt.
608 3122 678 3165 Misc.
701 3120 730 3174 6,
752 3118 776 3172 2,
797 3135 820 3175 p.
842 3117 901 3165 367.
922 3120 1047 3175 proposuit
1064 3117 1145 3174 haud,
1165 3124 1243 3168 Βοιὼ.

124 3195 166 3232 ot:
196 3190 239 3233 sed
257 3195 300 3232 aut
317 3191 437 3234 interdurn
455 3190 526 3235 habet
543 3191 595 3234 fere
619 3191 720 3248 negandi
740 3191 804 3244 rim,
833 3189 955 3248 alioquin.
1008 3186 1050 3233 35.
1070 3186 1166 3248 inserat
1188 3193 1243 3237 ald.

113 3255 166 3303 ‚36.
196 3257 251 3301 tube
277 3258 331 3302 Ald.
360 3260 520 3304 Proverbiurn
547 3272 659 3317 graecum
688 3252 744 3307 orire
767 3253 827 3307 α’πό
852 3254 943 3306 δοκοῦ
962 3247 1084 3313 ἔπεσεν,
1116 3252 1178 3307 ἀλλ’
1195 3256 1245 3310 ἀπ’

123 3319 198 3376 ὅνου
218 3322 230 3386 (
252 3337 284 3369 =
304 3321 363 3375 ἀπὸ
383 3325 449 3383 νοῦ)
468 3329 591 3383 Aristoph.
612 3328 675 3372 Nub.
698 3325 772 3372 1273.
794 3328 855 3371 rniro
874 3329 944 3370 modo
962 3327 1050 3381 vertit3
1079 3330 1121 3373 sed
1145 3342 1246 3382 prorsus

124 3397 222 3439 ridicule
245 3397 388 3451 interpretes
407 3398 540 3455 cogitarunt
560 3400 587 3441 de
615 3397 685 3440 trude
704 3397 808 3440 eoeleste?
825 3397 842 3438 i.
863 3409 885 3439 e.
906 3396 925 3437 si
945 3396 990 3438 diis
1010 3397 1104 3448 placet,
1131 3397 1243 3452 Olympo.

124 3465 176 3508 Clr.
206 3464 315 3509 Gronov.
340 3465 419 3509 Diatr.
447 3480 470 3520 p.
502 3464 560 3511 38-9.
591 3467 620 3509 ll.
650 3466 731 3519 Nuper
758 3466 829 3509 Beier
854 3467 883 3507 ad
902 3464 953 3507 Cic.
975 3464 1003 3506 de
1022 3463 1071 3508 Off.
1095 3462 1118 3507 1.
1138 3479 1163 3519 p.
1184 3464 1243 3512 193.

123 3533 244 3577 tentabat:
265 3532 308 3591 qui
325 3547 379 3578 rem
395 3532 535 3578 Romanum
554 3536 580 3578 in
596 3534 737 3591 perniciem
755 3529 834 3590 infert
851 3531 908 3576 Non
926 3531 1011 3586 trube,
1032 3530 1079 3576 red
1096 3537 1168 3592 tergo
1184 3549 1245 3595 pro.

112 3604 212 3658 ,lapsus
231 3607 255 3645 et
272 3592 383 3660 ingluvie
402 3604 506 3662 angula,
556 3605 607 3647 Clr.
628 3603 692 3646 Ptin.
712 3604 803 3659 Paneg.
824 3615 845 3647 c.
873 3598 914 3644 48.
935 3602 963 3644 de
982 3601 1135 3644 Domitiano:
1167 3601 1246 3660 sesni.

112 3684 185 3715 neus
210 3670 295 3726 pallor
321 3671 349 3713 r'n
373 3683 477 3727 corpore
484 3685 495 3724 ,·
525 3674 552 3716 in
568 3685 614 3716 ,ore
633 3670 786 3730 impudentia
804 3670 882 3714 multo
900 3668 991 3713 rubore
1010 3666 1119 3729 suffitae.
1158 3669 1199 3716 38.
1221 3687 1244 3718 r.

123 3741 190 3782 Suet.
215 3739 287 3781 Dom.
322 3735 362 3783 1⁰.
389 3739 452 3784 Gett.
481 3738 521 3793 15,
545 3738 585 3784 ll.
637 3738 677 3785 3-9.
699 3740 864 3798 relinquimur
883 3741 934 3783 Ald.
955 3762 988 3773 —-
1007 3737 1156 3796 reliquimur
1178 3746 1215 3785 est
1231 3757 1246 3785 a

123 3808 236 3850 Pithoeo.
256 3808 339 3850 Burin.
360 3809 443 3852 coni-2
465 3807 531 3868 Quid
540 3806 657 3867 ferimur
671 3807 768 3852 Graii?
786 3808 944 3852 domr'namne
958 3807 1123 3865 relinquimur
1139 3809 1246 3854 urbem?

123 3874 161 3920 Ne
179 3873 290 3917 Romano
307 3871 380 3931 foret
406 3889 496 3920 monuo
521 3897 555 3910 -
577 3878 678 3921 Aaou:
701 3875 839 3922 Graiorum
857 3875 1015 3920 hominemne
1034 3875 1200 3934 reliquimur,
1221 3885 1248 3924 ut

124 3943 221 3988 Graius
247 3941 319 3986 homo
345 3943 444 3989 Lucret.
466 3945 501 4004 ,1,
528 3943 569 3990 67.
607 3947 696 3990 Veram
718 3948 777 3989 duco
802 3946 913 3989 Monardi
937 3947 968 3988 V.
993 3945 1022 3990 C.
1043 3946 1243 3999 explicationem:

124 4012 194 4072 „Qua
205 4007 418 4069 folcone-nour?
444 4012 500 4070 (nos
521 4013 653 4072 Romanii)
682 4015 762 4073 quelle
781 4019 819 4057 est
836 4020 906 4057 notre
925 4010 1143 4071 inronre‘quenee?
1168 4017 1246 4064 Lora.

113 4096 169 4139 que
188 4094 251 4127 nous
270 4093 346 4124 arone
365 4083 461 4126 soumis
479 4085 506 4126 Ia
524 4078 604 4127 Grdce
620 4098 670 4140 pur
689 4085 715 4127 la
726 4079 803 4141 force
822 4081 866 4126 dea
886 4096 985 4135 urmes,
1005 4095 1068 4126 nour
1086 4097 1163 4130 avons
1181 4087 1245 4131 lair-

123 4149 293 4194 re'aubsirter
310 4163 352 4196 ser
376 4151 463 4205 rillea,
492 4165 534 4196 aea
551 4152 615 4207 loir,
644 4166 686 4197 aer
705 4152 832 4205 arienses,
854 4149 906 4211 ofin
930 4151 1016 4210 qu’ello
1035 4147 1087 4210 pre
1102 4149 1245 4211 sournr'rd

114 4218 197 4264 Rome
214 4218 261 4263 dea
279 4232 372 4265 sarona
392 4226 416 4264 et
435 4219 479 4265 dea
495 4219 672 4278 philosopher,
693 4227 716 4264 et
734 4220 888 4264 ancirianam
905 4233 947 4266 rea
964 4216 1075 4267 hommes
1097 4223 1171 4268 utiles
1189 4229 1246 4272 sont

174 4300 261 4352 Eelogae
277 4300 332 4340 Po'e't.
348 4301 391 4341 tar.
966 4304 1008 4364 15
