2782 4762
96 339 174 402 Non
196 334 373 399 dubitaturi·
390 333 561 419 fugitivum
585 334 701 396 dicere
714 333 838 414 piscem·

95 440 337 521 Depastumque
360 437 413 499 diu
436 436 557 500 vivaria
583 434 749 509 Caesaris,
774 435 846 498 inde

97 542 270 629 Elapsum,
296 552 435 604 veterem
458 542 498 601 ad
521 539 681 602 dominum
704 540 821 600 debere
844 533 997 598 reverti?

98 643 132 706 si
154 643 231 727 quid
254 642 424 716 Palfurio,
448 641 475 704 ei
498 640 660 704 credimus
676 639 869 714 Armillato,

99 744 488 859 Quicqpidqonspicuum
511 743 743 826 pulchrumque
765 754 813 804 est
836 760 977 824 aequore
1000 748 1092 815 toto,

97 849 166 911 Res
184 829 278 925 fisci
280 858 346 922 est,
371 845 553 927 ubicunque
576 854 675 906 natat.
721 841 904 908 Donabitur
927 862 1030 926 ergo,
1183 840 1223 900 55

99 949 150 1012 Ne
172 960 298 1030 pereat.
344 949 412 1010 Iam
434 946 565 1010 letifero
588 948 720 1009 cedente
741 945 864 1027 pruinis

99 1051 300 1157 A¹¹⁰lll¹¹3¹¹⁰2
326 1049 386 1111 iam
409 1060 593 1132 quartanam
616 1049 820 1131 sperantibus
842 1047 966 1131 aegris,

100 1122 262 1216 Strideba't
285 1151 436 1215 deformis
459 1150 558 1214 hierus
580 1152 796 1233 praedamque
819 1160 980 1213 recentem

100 1255 279 1317 servabat:
305 1265 408 1316 tamen
431 1252 483 1315 hic
505 1262 678 1334 properat,
704 1252 791 1314 velut
815 1261 930 1334 urgeat
952 1251 1095 1325 Auster;

100 1357 208 1438 thue
231 1356 317 1417 lacus
340 1356 509 1433 suberant,
532 1354 585 1416 nbi
608 1374 798 1437 quamquam
822 1352 925 1416 diruta
949 1362 1056 1414 servat
1185 1351 1226 1410 60

100 1458 213 1539 Ignem
239 1456 416 1520 Troianum
440 1467 472 1519 et
494 1457 627 1518 Vestam
652 1454 731 1518 colit
752 1456 839 1517 Alba
862 1452 1036 1529 minorem,

101 1558 238 1624 Obstitit
259 1558 387 1620 intranti
410 1557 553 1619 miratrix
577 1558 672 1619 turba
696 1577 890 1638 parumper:

100 1663 146 1725 Ut
168 1659 280 1734 cessit,
304 1658 393 1721 sacili
414 1670 588 1741 patuerunt
609 1658 746 1776 eagqip
699 1658 887 1720 nvalvae

101 1762 235 1826 Exclusi
258 1772 404 1843 spectant
427 1760 562 1822 admissa
586 1750 722 1841 ops'on'a
706 1762 874 1824 aPatres.

102 1866 175 1927 Itur
198 1867 237 1926 ad
261 1862 420 1930 Atridem.
467 1865 549 1924 Tum
572 1862 711 1979 Picens,
733 1862 897 1944 „accipe,’
902 1862 1031 1938 'dixit,
1185 1864 1224 1927 65
1247 1815 1333 1957 filippi:

102 1965 265 2041 „Privatis
288 1964 407 2027 maiora
430 1963 532 2038 socis;
558 1923 691 2047 genialis
714 1976 829 2047 agatur

101 2069 167 2132 Iste
189 2068 269 2143 dies;
295 2087 438 2149 propera
458 2068 654 2130 stomachum
679 2067 788 2130 laxare
810 2067 928 2151 saginis

101 2173 146 2234 Et
167 2183 221 2234 tua
243 2181 407 2233 servatum
431 2189 582 2232 consume
605 2167 637 2231 in
660 2170 766 2253 secula
785 2170 973 2233 rhombum.

104 2273 176 2354 lpse
199 2272 269 2354 capi
291 2271 429 2336 voluit.'’
454 2303 494 2316 —
516 2269 603 2351 Quid
625 2271 789 2352 apertius?
811 2274 855 2336 Et
877 2283 979 2336 tamen
1002 2273 1048 2337 illi

102 2457 221 2500 delatores
245 2460 354 2510 potentes
373 2457 434 2508 apud
455 2455 619 2500 Domitianum
637 2462 661 2501 et
681 2457 724 2509 lii,
750 2456 905 2510 armillatus,
925 2457 1100 2502 Demosthenes
1120 2462 1144 2502 et
1161 2457 1226 2501 Lati·

101 2539 146 2569 uus
170 2525 352 2570 archiinimus.’'
382 2525 461 2570 Schol.
514 2523 557 2570 56.
578 2525 623 2578 „ln
643 2527 770 2579 omuibus,
799 2539 858 2583 quas
876 2527 942 2579 ridi,
971 2528 1025 2570 edd.
1057 2532 1112 2581 post
1138 2532 1226 2586 pereat

102 2608 210 2644 comma,
240 2599 264 2638 et
287 2599 341 2648 post
358 2595 447 2652 aegris
464 2600 578 2649 punctum
595 2597 734 2650 reperitur,
768 2609 814 2651 qun
833 2608 934 2650 prorsus
953 2595 1063 2639 turbatur
1087 2609 1144 2640 vera
1162 2596 1187 2641 b.
1208 2597 1224 2639 l.

102 2663 247 2708 sententia.''
271 2663 332 2718 Rnp.
352 2663 450 2707 Rectam
469 2664 645 2707 distinctionem
666 2663 752 2707 habent
767 2664 813 2707 snei
826 2668 927 2718 septem.
957 2662 1226 2723 temerariumque

35 2784 38 2789 Ι
102 2733 242 2776 irrolestione
260 2732 406 2789 quotidiana.
433 2732 507 2776 Falso
524 2733 600 2791 gloss.
623 2731 925 2786 Cod.E.„timentibus.”
963 2729 1004 2777 66.
1024 2738 1146 2789 superent
1157 2734 1227 2788 pauci

102 2803 179 2845 Codd.
199 2800 317 2856 probante
335 2801 428 2844 Handio
447 2803 476 2844 ad
495 2800 572 2845 Gron.
592 2801 669 2847 Diatr.
689 2799 712 2845 1.
734 2814 758 2855 p.
779 2797 838 2845 428.
870 2821 904 2834 -
930 2806 1035 2857 superat
1051 2802 1141 2847 Marltl.
1180 2802 1227 2847 Sed

102 2870 232 2915 manifesto
255 2875 323 2914 reeta
342 2871 431 2914 lectio:
460 2869 581 2914 suberunt
599 2869 781 2924 (ARCDEFG.)
800 2871 861 2924 „nbi
880 2870 1103 2927 appropinquabant
1121 2871 1186 2916 lacus
1198 2872 1228 2927 ;'’

104 2941 121 2983 i.
141 2953 164 2983 e.
189 2939 249 2992 „ubi
277 2939 383 2994 piscator·
410 2940 539 2983 advenerat
565 2940 594 2982 ad
618 2939 748 2983 Domitiani
776 2940 858 2983 villam
884 2940 1001 2982 Albanam
1019 2939 1043 2984 iu
1061 2939 1114 2994 ripa
1133 2942 1227 2984 lacuum

102 3009 200 3052 illorum
218 3007 313 3056 sitam.¹'
331 3013 357 3051 ut
373 3009 424 3052 fere
442 3008 491 3051 iam
509 3008 606 3062 Schol,
627 3009 667 3064 qui
686 3009 739 3063 ipse
758 3022 851 3066 qnoque
871 3008 929 3066 legit
945 3007 1074 3052 suberant.
1126 3007 1167 3053 61.
1188 3011 1226 3054 ln-

103 3077 222 3134 tattigttm·
242 3077 299 3121 villa
322 3077 453 3121 Domitiani
472 3078 575 3121 Albana.
624 3077 684 3120 Alba
703 3078 781 3121 diruta
799 3093 813 3121 a
832 3078 905 3121 'l'ullo
924 3078 1028 3122 Hostilio
1047 3083 1143 3133 praeter
1161 3080 1227 3123 delu-

102 3146 174 3190 brum
191 3147 289 3191 Vestae.
310 3146 391 3190 strab.
413 3143 438 3190 5.
459 3159 482 3201 p.
504 3143 563 3191 160.
608 3144 684 3190 Veste
702 3147 801 3202 aninor,
821 3147 916 3192 scilicet
933 3161 987 3191 cnm
1005 3147 1113 3193 Romana
1132 3162 1227 3205 compa·

102 3221 164 3262 rata.
203 3215 298 3259 Cultum
317 3215 378 3259 hunc
396 3216 485 3260 Vestae
504 3216 528 3259 in
547 3216 634 3271 oppido
653 3217 714 3260 Alba
731 3217 815 3276 Longa
833 3218 967 3262 institutum
986 3218 1084 3262 durasse
1104 3232 1178 3276 usque
1197 3220 1226 3262 ad

102 3284 237 3338 Symmachi
265 3289 389 3339 tempora,
421 3285 438 3328 i.
468 3299 491 3329 e.
518 3298 592 3343 nsque
611 3287 639 3329 ad
657 3284 729 3329 finem
747 3287 892 3344 religionum
909 3287 1088 3341 Romanarum,
1114 3292 1229 3331 notarunt

102 3357 265 3408 interpretes3
295 3353 454 3412 neglexerunt
471 3355 545 3399 adbuc
565 3356 687 3410 lnecriptt.
706 3368 736 3399 eo
754 3360 904 3410 spectantes,
934 3369 993 3412 quas
1012 3358 1098 3413 collegi
1117 3357 1141 3400 in
1160 3356 1226 3400 Cura

101 3436 155 3466 mea
174 3421 205 3466 N.
226 3417 304 3466 2210.
324 3426 348 3465 et
367 3418 460 3482 37⁰1„
480 3425 540 3468 node
559 3425 691 3477 discimus,
711 3427 909 3480 quemadmodum
927 3425 1035 3478 Romae,
1056 3426 1091 3471 sic
1112 3426 1184 3470 stiam
1204 3426 1228 3469 iu

101 3490 187 3534 ARCF.
205 3489 334 3535 ALRANA
353 3491 485 3544 praefuisse
498 3493 639 3537 Vestalibus
656 3494 783 3550 Virginem
795 3495 918 3538 Vestalem
929 3494 1076 3538 Maximam:
1098 3499 1122 3537 nt
1135 3494 1226 3538 'l'ibure

102 3571 211 3617 quoqne:
232 3558 263 3606 N.
285 3556 366 3604 2239.
400 3559 461 3602 Erat
478 3563 552 3620 igitur
571 3563 624 3616 hoc,
646 3564 755 3606 utinulta
774 3563 835 3616 alia,
856 3577 903 3606 non
922 3567 970 3605 tem
988 3562 1137 3615 Romanum,
1157 3576 1227 3619 qnam

102 3629 213 3674 Italicum
240 3629 376 3672 institutum
403 3631 603 3686 antiquissimum.
644 3628 685 3679 63.
711 3632 787 3675 Solito
805 3645 890 3676 errore
909 3629 942 3674 Et
959 3631 1038 3675 cessit
1054 3644 1097 3675 sex
1116 3631 1162 3674 inei
1183 3644 1227 3686 pro

103 3697 135 3742 tn
150 3697 245 3750 cerain
274 3698 347 3740 solito
371 3698 427 3740 item
450 3712 536 3744 esnone
564 3705 713 3757 exspectent
736 3701 838 3758 quinque
857 3705 954 3754 praeter
972 3701 1002 3743 Α.
1022 3700 1225 3756 antiquissimum.

103 3763 232 3821 „Exclusi
251 3775 284 3809 =
302 3765 363 3810 baud
392 3766 490 3810 admissi
518 3769 629 3813 dicuntur
656 3774 737 3824 patres
762 3784 776 3812 a
800 3769 893 3814 loribus
918 3770 1038 3813 conclavis
1057 3769 1223 3823 Imperatoris.

103 3834 196 3891 Quibus
215 3835 293 3878 aditus
310 3834 340 3880 ad
359 3835 464 3891 aliquem
482 3837 641 3892 prohibetur,
675 3839 691 3881 ii
710 3837 828 3890 excludi,
859 3838 945 3895 quibus
964 3842 1045 3893 patet,
1071 3836 1172 3881 edrnitti
1193 3839 1227 3882 di·

101 3902 215 3948 euntur.‘'
232 3902 306 3947 st.
368 3900 409 3948 67.
438 3903 574 3965 ,Segirsisl
602 3908 674 3951 detis.
703 3921 750 3950 non
778 3908 853 3950 ablat.
889 3908 954 3950 Mira
972 3908 1043 3951 lectio
1063 3909 1123 3962 apud
1143 3907 1224 3952 Schol.

102 3971 216 4032 sagittis.
237 3971 268 4016 G.
288 3970 319 4015 E.
339 3972 472 4018 Websrus.
514 3973 557 4020 69.
578 3977 694 4032 Quicquid
714 3981 797 4019 contra
815 3976 872 4020 dicit
892 3976 1010 4031 Ruperti,
1031 3989 1088 4022 vera
1106 3976 1130 4021 h.
1153 3979 1170 4021 l.
1190 3978 1226 4020 in-

104 4042 246 4097 terpretatio
265 4042 324 4084 haer
343 4045 394 4085 est:
415 4043 497 4099 „Quid
518 4045 682 4099 inarsitestius,
703 4045 779 4101 inquit
799 4047 886 4099 posia,
906 4046 986 4100 putida
1006 4051 1075 4103 atque
1090 4046 1169 4101 inepta
1182 4047 1224 4090 hnc

102 4108 258 4155 adulatione?
282 4108 364 4153 Nihilo
383 4110 460 4154 rninns
483 4112 633 4158 Domitianus
653 4127 680 4158 ea
700 4119 782 4169 captus
802 4115 882 4158 animo
904 4115 1065 4170 efferebatur,
1085 4116 1158 4160 veluti
1176 4117 1227 4174 gal·

103 4183 140 4224 lus
158 4178 282 4237 superbus
300 4178 421 4238 graditur
438 4179 521 4226 ardeo
538 4184 635 4227 eeroice
652 4183 741 4227 cristis
760 4183 854 4228 eslans.
874 4185 938 4229 Ptin.
957 4183 1004 4239 10,
1025 4183 1067 4229 21.
1088 4199 1134 4243 quo
1151 4185 1223 4242 signi-

101 4248 172 4294 ficatu
191 4249 243 4294 ltali
262 4262 357 4306 quoqne
376 4255 492 4305 usurpant
509 4263 531 4295 v.
552 4253 762 4313 ringollueeorsi.
800 4252 909 4310 (Rectam
925 4255 985 4300 hane
1004 4255 1227 4310 interpretationem
