2782 4762
130 391 293 472 Sanguine
315 390 418 451 adhuc
440 374 516 450 vivo
540 399 656 450 terram
680 387 824 448 subitura
847 388 1010 449 sacerdos.

130 494 193 554 Sed
216 512 298 554 niinc
321 493 359 553 de
381 489 473 552 factis
496 488 693 552 levioribus:
717 499 747 549 et
770 499 878 548 tamen
897 488 976 550 alter

131 593 164 655 Si
185 592 315 655 fecisset
336 593 436 668 idem,
461 594 587 654 caderet
611 591 669 653 sub
692 588 792 651 iudice
815 610 979 657 1110111111,

130 697 212 758 Nam
237 698 324 779 qnod
346 707 439 775 turpe
462 694 575 768 bonis,
602 691 690 755 Titio
713 694 872 774 Seioqne,
898 693 1030 773 decebat

131 796 328 879 Crispinum.
374 796 459 875 Quid
481 817 574 877 agas,
600 815 697 878 quoin
721 794 790 856 dira
812 807 844 857 et
865 792 995 857 foedior
1018 793 1103 855 oanni

134 899 275 965 Crimine
297 919 438 980 persona
461 897 534 959 est?
557 897 696 959 Mullum
720 917 777 958 sex
801 896 926 958 milibus
950 895 1044 969 emit,
1105 880 1109 889 ¹

132 1008 333 1083 Aequantem
357 1021 431 1062 sane
453 997 585 1080 paribus
607 997 752 1060 sestertia
776 997 912 1071 libris,

132 1107 177 1169 Ut
199 1103 385 1186 perhibent,
410 1103 526 1183 quide
552 1099 672 1182 magnis
696 1099 814 1163 maiora
838 1100 1025 1180 loquuntur.
1059 1166 1117 1188 κ

133 1205 312 1271 Consilium
335 1204 430 1266 laudo
454 1201 604 1276 artificis,
630 1223 658 1263 si
649 1164 809 1321 piriffrie
833 1213 920 1262 tanto

132 1306 374 1387 Praecipuam
366 1327 396 1366 in
420 1303 534 1366 tabulis
548 1223 768 1365 0111111111
791 1302 920 1364 abstulit
945 1303 1028 1365 orbi.

132 1412 194 1473 Est
215 1408 299 1471 ratio
322 1406 477 1480 ulterior,
504 1425 636 1486 magnae
659 1425 673 1465 s
709 1403 790 1495 misit
808 1402 996 1497 amicae,

134 1512 224 1591 Quae
248 1509 374 1572 vehitur
397 1509 506 1570 clauso
528 1507 600 1569 latis
623 1492 737 1588 special
719 1480 845 1568 iariiiis
866 1494 1023 1571 antro

133 1613 189 1676 Nil
211 1613 272 1674 tale
296 1622 481 1691 exspectes.
506 1609 579 1671 emit
602 1609 673 1670 sibi.
718 1609 824 1671 Multa
849 1607 1011 1684 videmus,

135 1717 225 1796 Quae
248 1713 342 1776 miser
364 1724 395 1775 et
417 1711 507 1795 frugi
530 1733 592 1773 non
616 1709 694 1772 lecit
716 1709 864 1790 Apicius.
911 1712 1043 1774 Hoetu

135 1817 323 1879 Succinctus
345 1814 448 1896 patria
470 1815 650 1896 quondam,
677 1810 846 1892 Crispine‚
871 1810 1022 1893 papyro?

134 1920 211 1982 Hoc
232 1916 370 1999 pretium
393 1913 568 1999 squamae?
592 1914 704 1978 Potuit
724 1913 863 1976 fortasse
890 1913 1020 1976 minoris

135 2021 285 2085 Piscator
307 2039 399 2101 qnam
423 2016 516 2098 piscis
539 2016 611 2078 emi.
656 2015 830 2079 Provincia
851 2015 930 2077 tanti

136 2122 258 2186 Vendit
281 2140 396 2204 agros,
422 2122 476 2182 sed
500 2121 635 2181 maiores
658 2118 799 2199 Appulia
823 2118 943 2180 vendit.

137 2226 255 2305 Quales
278 2234 353 2284 tune
376 2223 484 2302 epulas
506 2221 609 2302 ipsum
633 2219 765 2303 glutisse
786 2232 932 2301 putamus

136 2324 429 2409 induperatorem?
451 2344 547 2404 qarom
570 2333 619 2385 tot
642 2321 809 2397 sestertia,
835 2335 958 2403 partem

125 2499 304 2555 'aspernatur.”
327 2502 464 2554 spernetur
482 2495 542 2538 Cdd.
561 2495 618 2552 aliq.
639 2495 720 2538 Schol.
737 2496 840 2539 Hennin.
860 2496 918 2538 nihil
935 2500 979 2540 est.
1020 2493 1043 2539 6.
1064 2508 1192 2540 neruorum
1212 2526 1226 2534 -
1246 2525 1254 2532 -

137 2566 235 2625 nembro]
255 2567 395 2620 „viridiaria
403 2598 411 2621 ,
432 2565 471 2608 ubi
489 2566 568 2608 solent
585 2565 701 2621 gestari.”
718 2565 800 2608 Schol.
839 2562 863 2609 l.
884 2565 1004 2608 Heinecke
1019 2565 1141 2610 distinxit:
1162 2567 1256 2626 Iugero

137 2643 194 2698 quot
212 2637 296 2682 cicino
319 2632 412 2691 (urbi),
441 2632 488 2691 (in)
499 2629 562 2690 soro
580 2645 642 2690 puna
660 2633 748 2676 emerit
771 2631 856 2677 aedes.
881 2634 955 2678 Recte
976 2634 1109 2690 Pinzgerns
1136 2636 1258 2681 admonuit

137 2723 175 2752 me
196 2707 265 2751 Statii
284 2705 345 2749 Silo.
367 2701 397 2758 5,
418 2701 452 2756 2,
472 2701 515 2746 21.
552 2700 666 2746 Romulei
682 2702 774 2761 iugera
797 2698 874 2746 Circi.
912 2703 972 2746 Sunt
989 2703 1062 2761 igitur
1080 2706 1158 2759 ampla
1180 2709 1258 2760 spatia

137 2779 280 2822 hortorum.
311 2786 437 2818 nemorum
459 2774 484 2816 111
502 2773 580 2815 media
598 2771 678 2825 Urbe,
704 2772 737 2814 uti
755 2771 850 2816 fueraut
871 2772 962 2814 circum
978 2771 1082 2816 Neronis
1100 2787 1198 2817 auream
1217 2776 1257 2817 do·
1284 2760 1286 2766 ¹

137 2857 255 2901 mnin3v.
274 2845 352 2887 Tacit.
366 2843 429 2886 Ann.
446 2840 496 2895 15,
516 2838 559 2884 12.
598 2841 621 2886 9.
642 2853 746 2899 quocum
765 2839 796 2884 G.
836 2837 878 2884 12.
898 2843 1022 2884 damnatus
1041 2847 1106 2885 esset
1123 2856 1137 2884 a
1158 2856 1258 2887 censore

137 2914 285 2958 Domitiano.
342 2909 384 2956 13.
413 2911 516 2955 Nomina
543 2908 625 2953 fictitia
649 2911 710 2964 apud
737 2910 810 2954 lCtos
833 2923 856 2953 v.
884 2924 906 2953 e.
927 2909 1013 2954 Gaium
1031 2909 1086 2953 Lib.
1108 2907 1132 2955 2.
1153 2909 1176 2969 1.
1198 2909 1256 2956 199.

87 2976 89 2983 ’
140 2983 208 3027 Titio
226 2987 250 3025 et
268 2980 326 3025 Seio
344 2978 468 3025 hominem
486 2977 666 3032 Stichumdo,
686 2979 752 3038 lego.
799 2979 937 3022 Eorundem
955 2981 1109 3033 praenomina
1133 2985 1187 3023 sunt
1205 2979 1258 3024 Lu-

138 3052 195 3095 cius
214 3049 317 3103 Titius,
337 3047 420 3094 Gaius
438 3049 512 3093 Seius
531 3049 564 3092 ib.
584 3045 608 3104 §.
629 3044 704 3092 259..
733 3048 769 3092 lb.
789 3045 900 3105 decebat]
920 3049 1010 3092 laudari
1030 3049 1101 3092 etiam
1119 3054 1214 3103 poterat
1235 3052 1258 3092 in

139 3119 269 3172 Crispino,
303 3123 384 3173 utpote
403 3132 478 3175 aquo
497 3118 554 3162 nihil
573 3119 618 3161 nisi
637 3118 749 3160 iimnania
769 3119 876 3171 scelera,
909 3131 956 3160 non
973 3117 1077 3162 leviores
1099 3119 1258 3172 turpitudines

140 3193 344 3244 exspectarentur.
397 3185 436 3230 11.
467 3187 533 3230 llude
558 3186 657 3242 incipias
682 3187 818 3240 vituperare
839 3187 959 3230 hominem
980 3191 1028 3230 tam
1043 3187 1155 3240 ioednin,
1188 3200 1256 3245 quem

139 3265 258 3314 tamquam
275 3257 371 3301 fabulae
390 3269 518 3312 personam
543 3248 581 3299 hic
609 3254 724 3299 traduco?
771 3254 811 3300 18.
840 3257 943 3300 hominis
967 3257 1040 3300 astuti
1058 3271 1086 3301 ac
1104 3258 1257 3302 veteratoris.

140 3324 183 3372 20.
204 3327 325 3379 ulterior,
353 3330 466 3370 nontam
484 3325 580 3379 „alia'',
614 3329 640 3368 ut
657 3325 801 3378 aitSchol.,
832 3326 1054 3382 qua1n‚,gravior,
1085 3327 1185 3370 maioris
1204 3340 1259 3369 mo-

139 3397 239 3439 menti.’'
258 3392 301 3442 23.
314 3395 411 3447 Apicius
420 3395 501 3437 helluo
511 3394 624 3448 infamis,
645 3394 684 3437 ubi
695 3408 748 3438 enin
758 3395 870 3448 Crispino
884 3400 1055 3448 componatur,
1075 3395 1123 3438 iam
1136 3409 1222 3450 parcus
1236 3399 1259 3438 et

139 3465 240 3521 frugalis
273 3464 396 3507 habendus
425 3463 481 3507 erit.
510 3463 604 3507 inisero
636 3465 770 3507 etiamnunc
795 3464 847 3507 ltali
879 3477 922 3517 pro
951 3465 1022 3506 nimis
1054 3477 1140 3518 parco,
1175 3477 1257 3506 avaro.

141 3530 183 3576 21.
195 3532 291 3577 Phario
307 3534 443 3576 Markland.
467 3529 508 3577 25.
522 3532 664 3586 Exponunt:
684 3533 749 3586 η1100
760 3537 793 3585 tu,
808 3532 860 3575 scil.
876 3534 967 3586 iecisti,
982 3545 1054 3575 ausus
1068 3545 1103 3584 es,
1117 3532 1258 3589 Aegyptius,

142 3602 283 3646 tenuissimo
302 3603 357 3646 loco
375 3606 458 3648 orius.
490 3607 527 3654 et,
554 3605 578 3644 ut
601 3603 680 3645 solent
700 3601 827 3656 populares
850 3602 901 3655 tui,
934 3601 1009 3656 patria
1027 3615 1116 3655 papyro
1138 3603 1259 3657 quondam

142 3669 296 3714 succinctus?
334 3671 416 3714 Hocine
434 3672 538 3724 pretium
562 3675 599 3713 est
617 3684 729 3726 squamae
737 3701 744 3724 ,
765 3667 881 3724 piscis?''
915 3670 968 3728 Ego
991 3671 1123 3714 etiamnunc
1142 3670 1177 3713 sic
1197 3671 1260 3714 malo

141 3753 195 3782 curn
216 3740 283 3783 Guil.
307 3738 369 3782 Ern.
393 3739 520 3784 Webero:
554 3737 608 3782 Hoc
626 3738 691 3796 (scil.
714 3736 830 3796 pretinm)
848 3743 874 3782 tu
892 3764 902 3773 -
921 3764 930 3774 ·
950 3737 1065 3795 Crispine
1085 3758 1118 3770 ·-
1135 3737 1181 3782 hoc
1198 3753 1260 3795 pre-

141 3808 203 3851 tium
221 3821 341 3865 squamae
359 3805 459 3864 (datin.)
476 3805 564 3862 ponis?
599 3809 635 3852 Ad
647 3809 849 3852 constructionem
868 3820 891 3852 v.
910 3805 952 3851 23.
972 3808 1009 3851 cfr
1037 3808 1127 3851 Lucan.
1149 3805 1178 3862 8,
1200 3806 1259 3852 542.

142 3875 250 3921 Nilusne
268 3882 293 3920 et
309 3876 420 3920 barbare
437 3874 564 3935 Memphis
581 3903 597 3912 -
615 3902 625 3912 ·
644 3875 696 3922 Hoc
715 3876 834 3920 anirnoa?
867 3881 910 3928 (-
930 3874 983 3919 Hoc
997 3877 1109 3934 prelium
1129 3876 1259 3935 squamae]

142 3944 302 3989 ABCDEFG.
322 3945 395 3990 Web.
416 3969 448 3980 -
466 3944 521 3990 Hoc
534 3946 618 4003 pretio
635 3959 755 4004 squamae
775 3943 881 4002 (Schol.)
899 3946 961 4000 Rup.
979 3967 1005 3978 -
1026 3943 1079 3989 Hoc
1089 3947 1173 4002 pretio
1185 3961 1259 4005 spua-

144 4028 211 4058 mnm
230 4015 339 4058 Crameri
359 4014 438 4070 susp.)
475 4013 517 4060 27.
537 4020 562 4058 et
578 4015 689 4059 maiores
704 4016 806 4059 llennin.
844 4016 890 4058 Sed
909 4015 954 4058 cfr.
975 4014 1045 4058 ovid.
1066 4015 1125 4059 nter.
1146 4013 1179 4069 8,
1200 4014 1259 4060 282.

143 4084 254 4127 maiores
272 4080 378 4126 herbida
394 4089 481 4129 tauros
498 4082 554 4129 Non
572 4081 646 4128 taber
656 4083 749 4141 Epiros
758 4115 765 4138 ,
785 4082 831 4127 aed
847 4081 939 4127 labent
954 4083 1041 4128 Siculo
1058 4097 1120 4129 arou
1134 4087 1261 4141 minoren

66 4152 70 4157 “
145 4153 183 4197 ubi
203 4156 285 4196 eadem
303 4153 416 4196 varietas.
453 4153 569 4209 Explica:
602 4157 662 4207 „ssd
683 4154 804 4209 Appulia,
831 4157 911 4207 utpote
929 4155 1038 4207 deserta,
1067 4156 1171 4200 inaiores
1190 4156 1261 4199 etiam

145 4237 215 4280 quarn
227 4223 334 4279 reliquae
352 4223 489 4278 provinciae
505 4224 634 4278 cultiores,
655 4238 683 4269 eo
703 4223 779 4278 pretio
793 4234 864 4279 agros
881 4223 967 4280 (upa-oe
979 4223 1040 4267 mire
1053 4223 1148 4267 volebat
1164 4226 1261 4279 Vates.)

145 4293 208 4336 solet
225 4290 354 4337 vendere.”
