<?xml version="1.0" encoding="UTF-8"?>
<!DOCTYPE html PUBLIC "-//W3C//DTD XHTML 1.0 Transitional//EN"
    "http://www.w3.org/TR/xhtml1/DTD/xhtml1-transitional.dtd">
<html xmlns="http://www.w3.org/1999/xhtml" xml:lang="en" lang="en">
 <head>
  <title>
</title>
<meta http-equiv="Content-Type" content="text/html;charset=utf-8" />
  <meta name='ocr-system' content='tesseract 3.04.00' />
  <meta name='ocr-capabilities' content='ocr_page ocr_carea ocr_par ocr_line ocrx_word'/>
</head>
<body>
  <div class='ocr_page' id='page_1' title='image "./eclogaepoetarum00orelgoog_0119.png"; bbox 0 0 2782 4762; ppageno 0'>
   <div class='ocr_carea' id='block_1_1' title="bbox 189 179 251 243">
    <p class='ocr_par' dir='ltr' id='par_1_1' title="bbox 189 179 251 243">
     <span class='ocr_line' id='line_1_1' title="bbox 189 179 251 243; baseline 0 -1"><span class='ocrx_word' id='word_1_1' title='bbox 189 179 251 243; x_wconf 87' lang='lat'><strong>11⁰</strong></span> 
     </span>
    </p>
   </div>
   <div class='ocr_carea' id='block_1_2' title="bbox 185 329 1306 2372">
    <p class='ocr_par' dir='ltr' id='par_1_2' title="bbox 187 329 1066 616">
     <span class='ocr_line' id='line_1_2' title="bbox 188 329 1066 419; baseline -0.008 -18"><span class='ocrx_word' id='word_1_2' title='bbox 188 339 295 419; x_wconf 88' lang='lat' dir='ltr'><strong>Quom</strong></span> <span class='ocrx_word' id='word_1_3' title='bbox 315 334 350 399; x_wconf 90' lang='lat' dir='ltr'><strong>in</strong></span> <span class='ocrx_word' id='word_1_4' title='bbox 369 333 507 398; x_wconf 89' lang='lat' dir='ltr'><strong>cinerem</strong></span> <span class='ocrx_word' id='word_1_5' title='bbox 528 355 626 399; x_wconf 91' lang='lat' dir='ltr'><strong>canos</strong></span> <span class='ocrx_word' id='word_1_6' title='bbox 646 331 773 398; x_wconf 84' lang='lat' dir='ltr'><strong>solvent</strong></span> <span class='ocrx_word' id='word_1_7' title='bbox 792 353 810 395; x_wconf 84' lang='lat' dir='ltr'><strong>a</strong></span> <span class='ocrx_word' id='word_1_8' title='bbox 827 330 951 396; x_wconf 88' lang='lat' dir='ltr'><strong>vertice</strong></span> <span class='ocrx_word' id='word_1_9' title='bbox 968 329 1066 395; x_wconf 90' lang='lat' dir='ltr'><strong>crinis</strong></span> 
     </span>
     <span class='ocr_line' id='line_1_3' title="bbox 187 432 1036 525; baseline -0.011 -19"><span class='ocrx_word' id='word_1_10' title='bbox 187 439 387 525; x_wconf 90' lang='lat' dir='ltr'><strong>Putridaque</strong></span> <span class='ocrx_word' id='word_1_11' title='bbox 409 436 544 501; x_wconf 84' lang='lat' dir='ltr'><strong>infirmis</strong></span> <span class='ocrx_word' id='word_1_12' title='bbox 563 435 734 500; x_wconf 88' lang='lat' dir='ltr'><strong>variabunt</strong></span> <span class='ocrx_word' id='word_1_13' title='bbox 754 443 890 518; x_wconf 82' lang='lat' dir='ltr'><strong>pectora</strong></span> <span class='ocrx_word' id='word_1_14' title='bbox 909 432 1036 516; x_wconf 87' lang='lat' dir='ltr'><strong>palmis.</strong></span> 
     </span>
     <span class='ocr_line' id='line_1_4' title="bbox 188 536 976 616; baseline -0.011 -7"><span class='ocrx_word' id='word_1_15' title='bbox 188 543 320 609; x_wconf 80' lang='lat' dir='ltr'><strong>Currite</strong></span> <span class='ocrx_word' id='word_1_16' title='bbox 344 545 495 606; x_wconf 78' lang='lat' dir='ltr'><strong>ducentes</strong></span> <span class='ocrx_word' id='word_1_17' title='bbox 518 538 713 616; x_wconf 84' lang='lat' dir='ltr'><strong>subtemina,</strong></span> <span class='ocrx_word' id='word_1_18' title='bbox 737 536 875 613; x_wconf 91' lang='lat' dir='ltr'><strong>currite,</strong></span> <span class='ocrx_word' id='word_1_19' title='bbox 898 536 976 600; x_wconf 89' lang='lat' dir='ltr'><strong>susi.</strong></span> 
     </span>
    </p>

    <p class='ocr_par' dir='ltr' id='par_1_3' title="bbox 187 638 1306 1030">
     <span class='ocr_line' id='line_1_5' title="bbox 247 638 1306 730; baseline -0.005 -21"><span class='ocrx_word' id='word_1_20' title='bbox 247 649 394 730; x_wconf 84' lang='lat' dir='ltr'><strong>Namque</strong></span> <span class='ocrx_word' id='word_1_21' title='bbox 417 644 504 707; x_wconf 90' lang='lat' dir='ltr'><strong>velut</strong></span> <span class='ocrx_word' id='word_1_22' title='bbox 526 646 638 707; x_wconf 88' lang='lat' dir='ltr'><strong>densas</strong></span> <span class='ocrx_word' id='word_1_23' title='bbox 656 661 872 725; x_wconf 85' lang='lat' dir='ltr'><strong>praecerpens</strong></span> <span class='ocrx_word' id='word_1_24' title='bbox 894 640 1001 705; x_wconf 90' lang='lat' dir='ltr'><strong>cultor</strong></span> <span class='ocrx_word' id='word_1_25' title='bbox 1020 638 1149 717; x_wconf 88' lang='lat' dir='ltr'><strong>aristas,</strong></span> <span class='ocrx_word' id='word_1_26' title='bbox 1244 641 1306 704; x_wconf 81' lang='lat'><strong>355</strong></span> 
     </span>
     <span class='ocr_line' id='line_1_6' title="bbox 189 745 934 822; baseline -0.009 -8"><span class='ocrx_word' id='word_1_27' title='bbox 189 749 266 814; x_wconf 90' lang='lat' dir='ltr'><strong>Sole</strong></span> <span class='ocrx_word' id='word_1_28' title='bbox 289 750 348 812; x_wconf 86' lang='lat' dir='ltr'><strong>sub</strong></span> <span class='ocrx_word' id='word_1_29' title='bbox 372 746 495 811; x_wconf 85' lang='lat' dir='ltr'><strong>ardenti</strong></span> <span class='ocrx_word' id='word_1_30' title='bbox 515 746 666 810; x_wconf 83' lang='lat' dir='ltr'><strong>flaventia</strong></span> <span class='ocrx_word' id='word_1_31' title='bbox 690 745 819 809; x_wconf 89' lang='lat' dir='ltr'><strong>demetit</strong></span> <span class='ocrx_word' id='word_1_32' title='bbox 839 765 934 822; x_wconf 87' lang='lat' dir='ltr'><strong>arva,</strong></span> 
     </span>
     <span class='ocr_line' id='line_1_7' title="bbox 191 848 1055 935; baseline -0.006 -18"><span class='ocrx_word' id='word_1_33' title='bbox 191 850 415 935; x_wconf 74' lang='lat' dir='ltr'><strong>Troiugenum</strong></span> <span class='ocrx_word' id='word_1_34' title='bbox 432 850 553 914; x_wconf 80' lang='lat' dir='ltr'><strong>infesto</strong></span> <span class='ocrx_word' id='word_1_35' title='bbox 579 859 764 932; x_wconf 88' lang='lat' dir='ltr'><strong>prosternet</strong></span> <span class='ocrx_word' id='word_1_36' title='bbox 784 869 927 931; x_wconf 90' lang='lat' dir='ltr'><strong>corpora</strong></span> <span class='ocrx_word' id='word_1_37' title='bbox 949 848 1055 914; x_wconf 90' lang='lat' dir='ltr'><strong>ferro.</strong></span> 
     </span>
     <span class='ocr_line' id='line_1_8' title="bbox 187 949 977 1030; baseline -0.006 -10"><span class='ocrx_word' id='word_1_38' title='bbox 187 952 318 1020; x_wconf 88' lang='lat' dir='ltr'><strong>Currite</strong></span> <span class='ocrx_word' id='word_1_39' title='bbox 341 957 490 1017; x_wconf 86' lang='lat' dir='ltr'><strong>ducentes</strong></span> <span class='ocrx_word' id='word_1_40' title='bbox 512 951 711 1030; x_wconf 85' lang='lat' dir='ltr'><strong>subtemina,</strong></span> <span class='ocrx_word' id='word_1_41' title='bbox 735 950 875 1027; x_wconf 90' lang='lat' dir='ltr'><strong>currite,</strong></span> <span class='ocrx_word' id='word_1_42' title='bbox 899 949 977 1015; x_wconf 89' lang='lat' dir='ltr'><strong>fusi.</strong></span> 
     </span>
    </p>

    <p class='ocr_par' dir='ltr' id='par_1_4' title="bbox 186 1053 1115 1543">
     <span class='ocr_line' id='line_1_9' title="bbox 252 1053 1115 1142; baseline -0.005 -22"><span class='ocrx_word' id='word_1_43' title='bbox 252 1055 358 1121; x_wconf 89' lang='lat' dir='ltr'><strong>Testis</strong></span> <span class='ocrx_word' id='word_1_44' title='bbox 378 1055 442 1125; x_wconf 92' lang='lat' dir='ltr'><strong>erit</strong></span> <span class='ocrx_word' id='word_1_45' title='bbox 465 1053 588 1142; x_wconf 82' lang='lat' dir='ltr'><strong>magnis</strong></span> <span class='ocrx_word' id='word_1_46' title='bbox 609 1055 784 1119; x_wconf 88' lang='lat' dir='ltr'><strong>virtutibus</strong></span> <span class='ocrx_word' id='word_1_47' title='bbox 805 1057 888 1116; x_wconf 90' lang='lat' dir='ltr'><strong>unda</strong></span> <span class='ocrx_word' id='word_1_48' title='bbox 910 1053 1115 1130; x_wconf 87' lang='lat' dir='ltr'><strong>Scamandri,</strong></span> 
     </span>
     <span class='ocr_line' id='line_1_10' title="bbox 188 1157 1016 1244; baseline -0.004 -21"><span class='ocrx_word' id='word_1_49' title='bbox 188 1161 278 1244; x_wconf 86' lang='lat' dir='ltr'><strong>Quae</strong></span> <span class='ocrx_word' id='word_1_50' title='bbox 297 1159 416 1243; x_wconf 83' lang='lat' dir='ltr'><strong>passim</strong></span> <span class='ocrx_word' id='word_1_51' title='bbox 435 1158 551 1242; x_wconf 90' lang='lat' dir='ltr'><strong>rapido</strong></span> <span class='ocrx_word' id='word_1_52' title='bbox 575 1157 763 1222; x_wconf 84' lang='lat' dir='ltr'><strong>diffunditur</strong></span> <span class='ocrx_word' id='word_1_53' title='bbox 781 1157 1016 1239; x_wconf 87' lang='lat' dir='ltr'><strong>Hellesponto:</strong></span> 
     </span>
     <span class='ocr_line' id='line_1_11' title="bbox 186 1259 1054 1346; baseline -0.005 -20"><span class='ocrx_word' id='word_1_54' title='bbox 186 1263 311 1343; x_wconf 84' lang='lat' dir='ltr'><strong>Quoius</strong></span> <span class='ocrx_word' id='word_1_55' title='bbox 327 1263 389 1326; x_wconf 90' lang='lat' dir='ltr'><strong>iter</strong></span> <span class='ocrx_word' id='word_1_56' title='bbox 413 1260 513 1327; x_wconf 91' lang='lat' dir='ltr'><strong>caesis</strong></span> <span class='ocrx_word' id='word_1_57' title='bbox 535 1272 706 1346; x_wconf 85' lang='lat' dir='ltr'><strong>angustans</strong></span> <span class='ocrx_word' id='word_1_58' title='bbox 727 1281 905 1344; x_wconf 88' lang='lat' dir='ltr'><strong>corporum</strong></span> <span class='ocrx_word' id='word_1_59' title='bbox 928 1259 1054 1324; x_wconf 87' lang='lat' dir='ltr'><strong>acervis</strong></span> 
     </span>
     <span class='ocr_line' id='line_1_12' title="bbox 186 1363 1029 1449; baseline -0.006 -19"><span class='ocrx_word' id='word_1_60' title='bbox 186 1367 264 1430; x_wconf 85' lang='lat' dir='ltr'><strong>Alta</strong></span> <span class='ocrx_word' id='word_1_61' title='bbox 284 1365 456 1449; x_wconf 86' lang='lat' dir='ltr'><strong>tepefaciet</strong></span> <span class='ocrx_word' id='word_1_62' title='bbox 478 1363 637 1447; x_wconf 84' lang='lat' dir='ltr'><strong>permixta</strong></span> <span class='ocrx_word' id='word_1_63' title='bbox 661 1363 790 1427; x_wconf 84' lang='lat' dir='ltr'><strong>flumina</strong></span> <span class='ocrx_word' id='word_1_64' title='bbox 815 1366 924 1426; x_wconf 89' lang='lat' dir='ltr'><strong>caede.</strong></span> <span class='ocrx_word' id='word_1_65' title='bbox 1027 1442 1029 1446; x_wconf 40' lang='lat'><strong>.</strong></span> 
     </span>
     <span class='ocr_line' id='line_1_13' title="bbox 188 1464 971 1543; baseline -0.01 -8"><span class='ocrx_word' id='word_1_66' title='bbox 188 1468 320 1535; x_wconf 87' lang='lat' dir='ltr'><strong>Currite</strong></span> <span class='ocrx_word' id='word_1_67' title='bbox 342 1472 492 1532; x_wconf 90' lang='lat' dir='ltr'><strong>ducentes</strong></span> <span class='ocrx_word' id='word_1_68' title='bbox 515 1467 708 1542; x_wconf 88' lang='lat' dir='ltr'><strong>subtemina,</strong></span> <span class='ocrx_word' id='word_1_69' title='bbox 733 1464 871 1543; x_wconf 89' lang='lat' dir='ltr'><strong>currite,</strong></span> <span class='ocrx_word' id='word_1_70' title='bbox 894 1465 971 1530; x_wconf 87' lang='lat' dir='ltr'><strong>susi.</strong></span> 
     </span>
    </p>

    <p class='ocr_par' dir='ltr' id='par_1_5' title="bbox 185 1567 1158 1956">
     <span class='ocr_line' id='line_1_14' title="bbox 249 1567 1158 1656; baseline -0.003 -20"><span class='ocrx_word' id='word_1_71' title='bbox 249 1570 397 1656; x_wconf 86' lang='lat' dir='ltr'><strong>Denique</strong></span> <span class='ocrx_word' id='word_1_72' title='bbox 419 1568 507 1633; x_wconf 91' lang='lat' dir='ltr'><strong>testis</strong></span> <span class='ocrx_word' id='word_1_73' title='bbox 526 1570 588 1633; x_wconf 90' lang='lat' dir='ltr'><strong>erit</strong></span> <span class='ocrx_word' id='word_1_74' title='bbox 609 1568 707 1633; x_wconf 90' lang='lat' dir='ltr'><strong>morti</strong></span> <span class='ocrx_word' id='word_1_75' title='bbox 724 1590 854 1654; x_wconf 89' lang='lat' dir='ltr'><strong>quoque</strong></span> <span class='ocrx_word' id='word_1_76' title='bbox 874 1567 999 1631; x_wconf 88' lang='lat' dir='ltr'><strong>reddita</strong></span> <span class='ocrx_word' id='word_1_77' title='bbox 1020 1571 1158 1652; x_wconf 86' lang='lat' dir='ltr'><strong>praeda:</strong></span> 
     </span>
     <span class='ocr_line' id='line_1_15' title="bbox 186 1673 1088 1757; baseline -0.004 -19"><span class='ocrx_word' id='word_1_78' title='bbox 186 1676 295 1756; x_wconf 85' lang='lat' dir='ltr'><strong>Quom</strong></span> <span class='ocrx_word' id='word_1_79' title='bbox 314 1685 397 1738; x_wconf 87' lang='lat' dir='ltr'><strong>teres</strong></span> <span class='ocrx_word' id='word_1_80' title='bbox 422 1673 551 1737; x_wconf 87' lang='lat' dir='ltr'><strong>excelso</strong></span> <span class='ocrx_word' id='word_1_81' title='bbox 576 1684 802 1737; x_wconf 85' lang='lat' dir='ltr'><strong>coacervatum</strong></span> <span class='ocrx_word' id='word_1_82' title='bbox 824 1692 944 1757; x_wconf 84' lang='lat' dir='ltr'><strong>aggere</strong></span> <span class='ocrx_word' id='word_1_83' title='bbox 961 1673 1088 1735; x_wconf 87' lang='lat' dir='ltr'><strong>bustum</strong></span> 
     </span>
     <span class='ocr_line' id='line_1_16' title="bbox 185 1773 953 1860; baseline -0.007 -18"><span class='ocrx_word' id='word_1_84' title='bbox 185 1777 339 1860; x_wconf 88' lang='lat' dir='ltr'><strong>Excipiet</strong></span> <span class='ocrx_word' id='word_1_85' title='bbox 362 1775 475 1840; x_wconf 90' lang='lat' dir='ltr'><strong>niveos</strong></span> <span class='ocrx_word' id='word_1_86' title='bbox 497 1797 667 1858; x_wconf 89' lang='lat' dir='ltr'><strong>percussae</strong></span> <span class='ocrx_word' id='word_1_87' title='bbox 691 1773 828 1859; x_wconf 85' lang='lat' dir='ltr'><strong>virginis</strong></span> <span class='ocrx_word' id='word_1_88' title='bbox 852 1785 953 1838; x_wconf 90' lang='lat' dir='ltr'><strong>artus.</strong></span> 
     </span>
     <span class='ocr_line' id='line_1_17' title="bbox 187 1865 1021 1956; baseline -0.007 -10"><span class='ocrx_word' id='word_1_89' title='bbox 187 1879 319 1946; x_wconf 87' lang='lat' dir='ltr'><strong>Currite</strong></span> <span class='ocrx_word' id='word_1_90' title='bbox 339 1883 489 1943; x_wconf 87' lang='lat' dir='ltr'><strong>ducentes</strong></span> <span class='ocrx_word' id='word_1_91' title='bbox 510 1865 706 1955; x_wconf 85' lang='lat' dir='ltr'><strong>subtemina,</strong></span> <span class='ocrx_word' id='word_1_92' title='bbox 730 1875 866 1954; x_wconf 88' lang='lat' dir='ltr'><strong>currite,</strong></span> <span class='ocrx_word' id='word_1_93' title='bbox 889 1877 968 1942; x_wconf 89' lang='lat' dir='ltr'><strong>susi.</strong></span> <span class='ocrx_word' id='word_1_94' title='bbox 1020 1953 1021 1956; x_wconf 7' lang='grc' dir='ltr'><strong>Ἴ</strong></span> 
     </span>
    </p>

    <p class='ocr_par' dir='ltr' id='par_1_6' title="bbox 185 1980 1182 2372">
     <span class='ocr_line' id='line_1_18' title="bbox 250 1980 1182 2065; baseline 0 -18"><span class='ocrx_word' id='word_1_95' title='bbox 250 1985 333 2047; x_wconf 89' lang='lat' dir='ltr'><strong>Nam</strong></span> <span class='ocrx_word' id='word_1_96' title='bbox 357 1982 449 2044; x_wconf 90' lang='lat' dir='ltr'><strong>simul</strong></span> <span class='ocrx_word' id='word_1_97' title='bbox 473 2005 510 2045; x_wconf 91' lang='lat' dir='ltr'><strong>ac</strong></span> <span class='ocrx_word' id='word_1_98' title='bbox 533 1981 624 2046; x_wconf 82' lang='lat' dir='ltr'><strong>fessis</strong></span> <span class='ocrx_word' id='word_1_99' title='bbox 645 1980 768 2045; x_wconf 87' lang='lat' dir='ltr'><strong>dederit</strong></span> <span class='ocrx_word' id='word_1_100' title='bbox 789 1982 876 2045; x_wconf 89' lang='lat' dir='ltr'><strong>Fors</strong></span> <span class='ocrx_word' id='word_1_101' title='bbox 896 1981 1024 2065; x_wconf 87' lang='lat' dir='ltr'><strong>copiam</strong></span> <span class='ocrx_word' id='word_1_102' title='bbox 1045 1981 1182 2047; x_wconf 89' lang='lat' dir='ltr'><strong>Achivis</strong></span> 
     </span>
     <span class='ocr_line' id='line_1_19' title="bbox 187 2083 970 2167; baseline -0.004 -17"><span class='ocrx_word' id='word_1_103' title='bbox 187 2084 289 2151; x_wconf 86' lang='lat' dir='ltr'><strong>Urbis</strong></span> <span class='ocrx_word' id='word_1_104' title='bbox 309 2084 492 2149; x_wconf 89' lang='lat' dir='ltr'><strong>Dardaniae</strong></span> <span class='ocrx_word' id='word_1_105' title='bbox 512 2083 675 2167; x_wconf 87' lang='lat' dir='ltr'><strong>Neptunia</strong></span> <span class='ocrx_word' id='word_1_106' title='bbox 698 2084 826 2148; x_wconf 90' lang='lat' dir='ltr'><strong>solvere</strong></span> <span class='ocrx_word' id='word_1_107' title='bbox 844 2083 970 2162; x_wconf 86' lang='lat' dir='ltr'><strong>vincla,</strong></span> 
     </span>
     <span class='ocr_line' id='line_1_20' title="bbox 186 2186 957 2269; baseline -0.004 -15"><span class='ocrx_word' id='word_1_108' title='bbox 186 2189 264 2254; x_wconf 85' lang='lat' dir='ltr'><strong>Alta</strong></span> <span class='ocrx_word' id='word_1_109' title='bbox 285 2186 468 2269; x_wconf 90' lang='lat' dir='ltr'><strong>Polyxenia</strong></span> <span class='ocrx_word' id='word_1_110' title='bbox 490 2188 659 2249; x_wconf 87' lang='lat' dir='ltr'><strong>madefient</strong></span> <span class='ocrx_word' id='word_1_111' title='bbox 681 2189 776 2250; x_wconf 88' lang='lat' dir='ltr'><strong>caede</strong></span> <span class='ocrx_word' id='word_1_112' title='bbox 796 2187 957 2269; x_wconf 88' lang='lat' dir='ltr'><strong>sepulcra.</strong></span> 
     </span>
     <span class='ocr_line' id='line_1_21' title="bbox 185 2288 1052 2372; baseline -0.001 -17"><span class='ocrx_word' id='word_1_113' title='bbox 185 2292 275 2372; x_wconf 88' lang='lat' dir='ltr'><strong>Quae</strong></span> <span class='ocrx_word' id='word_1_114' title='bbox 297 2292 384 2354; x_wconf 89' lang='lat' dir='ltr'><strong>velut</strong></span> <span class='ocrx_word' id='word_1_115' title='bbox 405 2288 538 2372; x_wconf 87' lang='lat' dir='ltr'><strong>ancipiti</strong></span> <span class='ocrx_word' id='word_1_116' title='bbox 562 2292 771 2352; x_wconf 90' lang='lat' dir='ltr'><strong>succumbens</strong></span> <span class='ocrx_word' id='word_1_117' title='bbox 790 2289 920 2353; x_wconf 87' lang='lat' dir='ltr'><strong>victima</strong></span> <span class='ocrx_word' id='word_1_118' title='bbox 941 2290 1052 2368; x_wconf 90' lang='lat' dir='ltr'><strong>ferro,</strong></span> 
     </span>
    </p>
   </div>
   <div class='ocr_carea' id='block_1_3' title="bbox 185 2389 1306 2786">
    <p class='ocr_par' dir='ltr' id='par_1_7' title="bbox 185 2389 997 2573">
     <span class='ocr_line' id='line_1_22' title="bbox 185 2389 997 2476; baseline 0 -18"><span class='ocrx_word' id='word_1_119' title='bbox 185 2391 344 2458; x_wconf 90' lang='lat' dir='ltr'><strong>Proiiciet</strong></span> <span class='ocrx_word' id='word_1_120' title='bbox 364 2404 511 2456; x_wconf 89' lang='lat' dir='ltr'><strong>truncum</strong></span> <span class='ocrx_word' id='word_1_121' title='bbox 532 2389 689 2457; x_wconf 89' lang='lat' dir='ltr'><strong>submisso</strong></span> <span class='ocrx_word' id='word_1_122' title='bbox 710 2392 836 2475; x_wconf 88' lang='lat' dir='ltr'><strong>poplite</strong></span> <span class='ocrx_word' id='word_1_123' title='bbox 862 2415 997 2476; x_wconf 89' lang='lat' dir='ltr'><strong>corpus.</strong></span> 
     </span>
     <span class='ocr_line' id='line_1_23' title="bbox 186 2494 967 2573; baseline -0.001 -11"><span class='ocrx_word' id='word_1_124' title='bbox 186 2495 318 2563; x_wconf 89' lang='lat' dir='ltr'><strong>Currite</strong></span> <span class='ocrx_word' id='word_1_125' title='bbox 340 2499 490 2558; x_wconf 89' lang='lat' dir='ltr'><strong>ducentes</strong></span> <span class='ocrx_word' id='word_1_126' title='bbox 514 2494 707 2572; x_wconf 89' lang='lat' dir='ltr'><strong>subtemina,</strong></span> <span class='ocrx_word' id='word_1_127' title='bbox 732 2495 868 2573; x_wconf 90' lang='lat' dir='ltr'><strong>currite,</strong></span> <span class='ocrx_word' id='word_1_128' title='bbox 890 2497 967 2561; x_wconf 82' lang='lat' dir='ltr'><strong>fusi.</strong></span> 
     </span>
    </p>

    <p class='ocr_par' dir='ltr' id='par_1_8' title="bbox 186 2596 1306 2786">
     <span class='ocr_line' id='line_1_24' title="bbox 251 2596 1132 2686; baseline 0.007 -26"><span class='ocrx_word' id='word_1_129' title='bbox 251 2598 359 2679; x_wconf 86' lang='lat' dir='ltr'><strong>Quare</strong></span> <span class='ocrx_word' id='word_1_130' title='bbox 384 2599 488 2683; x_wconf 86' lang='lat' dir='ltr'><strong>agite,</strong></span> <span class='ocrx_word' id='word_1_131' title='bbox 512 2608 643 2681; x_wconf 90' lang='lat' dir='ltr'><strong>optatos</strong></span> <span class='ocrx_word' id='word_1_132' title='bbox 665 2596 760 2661; x_wconf 91' lang='lat' dir='ltr'><strong>animi</strong></span> <span class='ocrx_word' id='word_1_133' title='bbox 782 2598 969 2686; x_wconf 87' lang='lat' dir='ltr'><strong>coniungite</strong></span> <span class='ocrx_word' id='word_1_134' title='bbox 993 2623 1132 2666; x_wconf 85' lang='lat' dir='ltr'><strong>amores.</strong></span> 
     </span>
     <span class='ocr_line' id='line_1_25' title="bbox 186 2699 1306 2786; baseline -0.001 -14"><span class='ocrx_word' id='word_1_135' title='bbox 186 2700 339 2786; x_wconf 79' lang='lat' dir='ltr'><strong>Accipiat</strong></span> <span class='ocrx_word' id='word_1_136' title='bbox 360 2700 481 2766; x_wconf 86' lang='lat' dir='ltr'><strong>coniux</strong></span> <span class='ocrx_word' id='word_1_137' title='bbox 503 2699 593 2765; x_wconf 84' lang='lat' dir='ltr'><strong>felici</strong></span> <span class='ocrx_word' id='word_1_138' title='bbox 612 2700 746 2765; x_wconf 84' lang='lat' dir='ltr'><strong>foedere</strong></span> <span class='ocrx_word' id='word_1_139' title='bbox 766 2700 889 2779; x_wconf 89' lang='lat' dir='ltr'><strong>divam,</strong></span> <span class='ocrx_word' id='word_1_140' title='bbox 1245 2706 1306 2771; x_wconf 77' lang='lat'><strong>375</strong></span> 
     </span>
    </p>
   </div>
   <div class='ocr_carea' id='block_1_4' title="bbox 127 2883 1310 4347">
    <p class='ocr_par' dir='ltr' id='par_1_9' title="bbox 127 2883 1310 4347">
     <span class='ocr_line' id='line_1_26' title="bbox 240 2883 1309 2949; baseline 0.003 -18"><span class='ocrx_word' id='word_1_141' title='bbox 240 2883 299 2935; x_wconf 79' lang='lat'><strong>355.</strong></span> <span class='ocrx_word' id='word_1_142' title='bbox 313 2899 487 2945; x_wconf 72' lang='lat' dir='ltr'><strong>praecernens</strong></span> <span class='ocrx_word' id='word_1_143' title='bbox 506 2885 582 2931; x_wconf 88' lang='lat' dir='ltr'><strong>Codd.</strong></span> <span class='ocrx_word' id='word_1_144' title='bbox 597 2886 695 2944; x_wconf 78' lang='lat' dir='ltr'><strong>aliquot.</strong></span> <span class='ocrx_word' id='word_1_145' title='bbox 706 2887 797 2931; x_wconf 80' lang='lat' dir='ltr'><strong>Arane.</strong></span> <span class='ocrx_word' id='word_1_146' title='bbox 812 2885 916 2932; x_wconf 91' lang='lat' dir='ltr'><strong>Corrad.</strong></span> <span class='ocrx_word' id='word_1_147' title='bbox 931 2889 993 2933; x_wconf 89' lang='lat' dir='ltr'><strong>unde</strong></span> <span class='ocrx_word' id='word_1_148' title='bbox 1005 2889 1109 2944; x_wconf 89' lang='lat' dir='ltr'><strong>Statius,</strong></span> <span class='ocrx_word' id='word_1_149' title='bbox 1123 2889 1221 2935; x_wconf 84' lang='lat' dir='ltr'><strong>Lachm.</strong></span> <span class='ocrx_word' id='word_1_150' title='bbox 1231 2903 1309 2949; x_wconf 85' lang='lat' dir='ltr'><strong>prae·</strong></span> 
     </span>
     <span class='ocr_line' id='line_1_27' title="bbox 185 2957 1307 3016; baseline 0.002 -14"><span class='ocrx_word' id='word_1_151' title='bbox 185 2969 311 3016; x_wconf 88' lang='lat' dir='ltr'><strong>cerpens;</strong></span> <span class='ocrx_word' id='word_1_152' title='bbox 330 2959 392 3013; x_wconf 86' lang='lat' dir='ltr'><strong>quod</strong></span> <span class='ocrx_word' id='word_1_153' title='bbox 403 2970 464 3001; x_wconf 87' lang='lat' dir='ltr'><strong>nunc</strong></span> <span class='ocrx_word' id='word_1_154' title='bbox 474 2957 563 3010; x_wconf 84' lang='lat' dir='ltr'><strong>recepi.</strong></span> <span class='ocrx_word' id='word_1_155' title='bbox 580 2979 612 2989; x_wconf 92' lang='lat'>-</span> <span class='ocrx_word' id='word_1_156' title='bbox 625 2962 791 3013; x_wconf 87' lang='lat' dir='ltr'><strong>prosternens</strong></span> <span class='ocrx_word' id='word_1_157' title='bbox 803 2958 893 3016; x_wconf 76' lang='lat' dir='ltr'><strong>Vulgo.</strong></span> <span class='ocrx_word' id='word_1_158' title='bbox 915 2959 978 3002; x_wconf 86' lang='lat' dir='ltr'><strong>&#39;I&#39;um</strong></span> <span class='ocrx_word' id='word_1_159' title='bbox 990 2971 1087 3002; x_wconf 85' lang='lat' dir='ltr'><strong>messor</strong></span> <span class='ocrx_word' id='word_1_160' title='bbox 1097 2960 1241 3006; x_wconf 75' lang='lat' dir='ltr'><strong>Atdd.Mur.</strong></span> <span class='ocrx_word' id='word_1_161' title='bbox 1253 2961 1307 3005; x_wconf 86' lang='lat' dir='ltr'><strong>Sill.</strong></span> 
     </span>
     <span class='ocr_line' id='line_1_28' title="bbox 187 3022 1307 3086; baseline 0.002 -13"><span class='ocrx_word' id='word_1_162' title='bbox 187 3025 247 3073; x_wconf 84' lang='lat'><strong>359.</strong></span> <span class='ocrx_word' id='word_1_163' title='bbox 267 3027 356 3086; x_wconf 76' lang='lat' dir='ltr'><strong>magni</strong></span> <span class='ocrx_word' id='word_1_164' title='bbox 377 3027 460 3070; x_wconf 87' lang='lat' dir='ltr'><strong>Heius.</strong></span> <span class='ocrx_word' id='word_1_165' title='bbox 510 3022 568 3070; x_wconf 80' lang='lat'><strong>361.</strong></span> <span class='ocrx_word' id='word_1_166' title='bbox 589 3032 731 3086; x_wconf 82' lang='lat' dir='ltr'><strong>aregustane</strong></span> <span class='ocrx_word' id='word_1_167' title='bbox 749 3042 761 3072; x_wconf 88' lang='lat' dir='ltr'><strong>e</strong></span> <span class='ocrx_word' id='word_1_168' title='bbox 778 3026 839 3071; x_wconf 86' lang='lat' dir='ltr'><strong>Cod.</strong></span> <span class='ocrx_word' id='word_1_169' title='bbox 860 3029 942 3073; x_wconf 80' lang='lat' dir='ltr'><strong>Burin.</strong></span> <span class='ocrx_word' id='word_1_170' title='bbox 961 3029 1016 3072; x_wconf 86' lang='lat' dir='ltr'><strong>Sec.</strong></span> <span class='ocrx_word' id='word_1_171' title='bbox 1066 3025 1125 3077; x_wconf 83' lang='lat' dir='ltr'><strong>36t.</strong></span> <span class='ocrx_word' id='word_1_172' title='bbox 1145 3029 1230 3074; x_wconf 82' lang='lat' dir='ltr'><strong>dedita</strong></span> <span class='ocrx_word' id='word_1_173' title='bbox 1245 3031 1307 3076; x_wconf 86' lang='lat' dir='ltr'><strong>Stat.</strong></span> 
     </span>
     <span class='ocr_line' id='line_1_29' title="bbox 185 3093 1309 3154; baseline 0.001 -13"><span class='ocrx_word' id='word_1_174' title='bbox 185 3099 259 3144; x_wconf 86' lang='lat' dir='ltr'><strong>Doer.</strong></span> <span class='ocrx_word' id='word_1_175' title='bbox 274 3096 346 3154; x_wconf 83' lang='lat' dir='ltr'><strong>Giug.</strong></span> <span class='ocrx_word' id='word_1_176' title='bbox 361 3096 413 3140; x_wconf 73' lang='lat' dir='ltr'><strong>Ast.</strong></span> <span class='ocrx_word' id='word_1_177' title='bbox 432 3096 478 3140; x_wconf 83' lang='lat' dir='ltr'><strong>cir.</strong></span> <span class='ocrx_word' id='word_1_178' title='bbox 490 3095 563 3139; x_wconf 86' lang='lat' dir='ltr'><strong>Bacb.</strong></span> <span class='ocrx_word' id='word_1_179' title='bbox 579 3099 607 3139; x_wconf 88' lang='lat' dir='ltr'><strong>ad</strong></span> <span class='ocrx_word' id='word_1_180' title='bbox 621 3096 677 3144; x_wconf 86' lang='lat' dir='ltr'><strong>Tib.</strong></span> <span class='ocrx_word' id='word_1_181' title='bbox 690 3110 714 3152; x_wconf 89' lang='lat' dir='ltr'><strong>p.</strong></span> <span class='ocrx_word' id='word_1_182' title='bbox 726 3093 768 3142; x_wconf 86' lang='lat'><strong>3⁰.</strong></span> <span class='ocrx_word' id='word_1_183' title='bbox 814 3095 872 3143; x_wconf 79' lang='lat'><strong>365.</strong></span> <span class='ocrx_word' id='word_1_184' title='bbox 894 3103 961 3145; x_wconf 80' lang='lat' dir='ltr'><strong>terre</strong></span> <span class='ocrx_word' id='word_1_185' title='bbox 973 3098 1077 3142; x_wconf 80' lang='lat' dir='ltr'><strong>excelso</strong></span> <span class='ocrx_word' id='word_1_186' title='bbox 1089 3101 1152 3144; x_wconf 84' lang='lat' dir='ltr'><strong>Ven.</strong></span> <span class='ocrx_word' id='word_1_187' title='bbox 1172 3124 1205 3134; x_wconf 92' lang='lat'><em>-</em></span> <span class='ocrx_word' id='word_1_188' title='bbox 1225 3105 1309 3144; x_wconf 85' lang='lat' dir='ltr'><strong>terrae</strong></span> 
     </span>
     <span class='ocr_line' id='line_1_30' title="bbox 185 3164 1308 3229; baseline 0.002 -17"><span class='ocrx_word' id='word_1_189' title='bbox 185 3167 288 3212; x_wconf 72' lang='lat' dir='ltr'><strong>excelso</strong></span> <span class='ocrx_word' id='word_1_190' title='bbox 307 3166 449 3211; x_wconf 81' lang='lat' dir='ltr'><strong>Guar.Ast.</strong></span> <span class='ocrx_word' id='word_1_191' title='bbox 469 3166 508 3223; x_wconf 88' lang='lat' dir='ltr'><strong>qui</strong></span> <span class='ocrx_word' id='word_1_192' title='bbox 527 3164 760 3222; x_wconf 60' lang='lat' dir='ltr'><strong>consentienti,</strong></span> <span class='ocrx_word' id='word_1_193' title='bbox 781 3164 841 3212; x_wconf 83' lang='lat'><strong>850.</strong></span> <span class='ocrx_word' id='word_1_194' title='bbox 870 3189 899 3200; x_wconf 95' lang='lat'>-</span> <span class='ocrx_word' id='word_1_195' title='bbox 925 3173 1025 3212; x_wconf 88' lang='lat' dir='ltr'><strong>terreno</strong></span> <span class='ocrx_word' id='word_1_196' title='bbox 1043 3181 1077 3212; x_wconf 73' lang='lat' dir='ltr'><strong>ex</strong></span> <span class='ocrx_word' id='word_1_197' title='bbox 1095 3181 1192 3229; x_wconf 72' lang='lat' dir='ltr'><strong>aggere</strong></span> <span class='ocrx_word' id='word_1_198' title='bbox 1210 3169 1308 3214; x_wconf 84' lang='lat' dir='ltr'><strong>bustum</strong></span> 
     </span>
     <span class='ocr_line' id='line_1_31' title="bbox 186 3236 1306 3294; baseline 0.001 -12"><span class='ocrx_word' id='word_1_199' title='bbox 186 3251 262 3294; x_wconf 86' lang='lat' dir='ltr'><strong>eoque</strong></span> <span class='ocrx_word' id='word_1_200' title='bbox 281 3238 427 3292; x_wconf 81' lang='lat' dir='ltr'><strong>propendet,</strong></span> <span class='ocrx_word' id='word_1_201' title='bbox 457 3240 481 3279; x_wconf 92' lang='lat' dir='ltr'><strong>ut</strong></span> <span class='ocrx_word' id='word_1_202' title='bbox 506 3236 627 3279; x_wconf 86' lang='lat' dir='ltr'><strong>scribatur</strong></span> <span class='ocrx_word' id='word_1_203' title='bbox 652 3243 735 3281; x_wconf 86' lang='lat' dir='ltr'><strong>tarrae</strong></span> <span class='ocrx_word' id='word_1_204' title='bbox 753 3251 788 3280; x_wconf 73' lang='lat' dir='ltr'><strong>ea·</strong></span> <span class='ocrx_word' id='word_1_205' title='bbox 807 3238 891 3291; x_wconf 87' lang='lat' dir='ltr'><strong>ceieo;</strong></span> <span class='ocrx_word' id='word_1_206' title='bbox 921 3243 1005 3282; x_wconf 87' lang='lat' dir='ltr'><strong>terrae</strong></span> <span class='ocrx_word' id='word_1_207' title='bbox 1024 3251 1037 3279; x_wconf 87' lang='lat' dir='ltr'><strong>e</strong></span> <span class='ocrx_word' id='word_1_208' title='bbox 1055 3239 1124 3283; x_wconf 86' lang='lat' dir='ltr'><strong>celeo</strong></span> <span class='ocrx_word' id='word_1_209' title='bbox 1142 3239 1236 3284; x_wconf 82' lang='lat' dir='ltr'><strong>Censor</strong></span> <span class='ocrx_word' id='word_1_210' title='bbox 1254 3239 1306 3284; x_wconf 86' lang='lat' dir='ltr'><strong>len.</strong></span> 
     </span>
     <span class='ocr_line' id='line_1_32' title="bbox 186 3304 1305 3368; baseline 0.006 -18"><span class='ocrx_word' id='word_1_211' title='bbox 186 3306 264 3368; x_wconf 84' lang='lat' dir='ltr'><strong>(loom</strong></span> <span class='ocrx_word' id='word_1_212' title='bbox 285 3304 410 3350; x_wconf 83' lang='lat' dir='ltr'><strong>Teucrum</strong></span> <span class='ocrx_word' id='word_1_213' title='bbox 429 3320 442 3348; x_wconf 93' lang='lat' dir='ltr'><strong>e</strong></span> <span class='ocrx_word' id='word_1_214' title='bbox 460 3316 534 3350; x_wconf 83' lang='lat' dir='ltr'><strong>caeso</strong></span> <span class='ocrx_word' id='word_1_215' title='bbox 553 3313 725 3351; x_wconf 73' lang='lat' dir='ltr'><strong>coacervatum</strong></span> <span class='ocrx_word' id='word_1_216' title='bbox 744 3307 846 3368; x_wconf 84' lang='lat' dir='ltr'><strong>agmine</strong></span> <span class='ocrx_word' id='word_1_217' title='bbox 865 3308 947 3352; x_wconf 82' lang='lat' dir='ltr'><strong>Heius.</strong></span> <span class='ocrx_word' id='word_1_218' title='bbox 1003 3304 1062 3356; x_wconf 81' lang='lat'><strong>366.</strong></span> <span class='ocrx_word' id='word_1_219' title='bbox 1078 3322 1219 3366; x_wconf 81' lang='lat' dir='ltr'><strong>percussae</strong></span> <span class='ocrx_word' id='word_1_220' title='bbox 1237 3308 1305 3364; x_wconf 87' lang='lat' dir='ltr'><strong>Lips.</strong></span> 
     </span>
     <span class='ocr_line' id='line_1_33' title="bbox 186 3373 1309 3436; baseline -0.001 -13"><span class='ocrx_word' id='word_1_221' title='bbox 186 3379 249 3423; x_wconf 85' lang='lat' dir='ltr'><strong>Van.</strong></span> <span class='ocrx_word' id='word_1_222' title='bbox 265 3376 363 3421; x_wconf 85' lang='lat' dir='ltr'><strong>Marcii.</strong></span> <span class='ocrx_word' id='word_1_223' title='bbox 381 3376 454 3420; x_wconf 80' lang='lat' dir='ltr'><strong>Walt.</strong></span> <span class='ocrx_word' id='word_1_224' title='bbox 467 3377 496 3419; x_wconf 87' lang='lat' dir='ltr'><strong>ad</strong></span> <span class='ocrx_word' id='word_1_225' title='bbox 509 3375 607 3421; x_wconf 88' lang='lat' dir='ltr'><strong>Lucret.</strong></span> <span class='ocrx_word' id='word_1_226' title='bbox 623 3376 652 3432; x_wconf 79' lang='lat' dir='ltr'><strong>t,</strong></span> <span class='ocrx_word' id='word_1_227' title='bbox 667 3373 727 3421; x_wconf 83' lang='lat'><strong>310.</strong></span> <span class='ocrx_word' id='word_1_228' title='bbox 744 3376 798 3421; x_wconf 75' lang='lat' dir='ltr'><strong>Ast.</strong></span> <span class='ocrx_word' id='word_1_229' title='bbox 817 3377 879 3434; x_wconf 82' lang='lat' dir='ltr'><strong>quot</strong></span> <span class='ocrx_word' id='word_1_230' title='bbox 899 3379 927 3422; x_wconf 84' lang='lat' dir='ltr'><strong>de</strong></span> <span class='ocrx_word' id='word_1_231' title='bbox 944 3377 1041 3421; x_wconf 80' lang='lat' dir='ltr'><strong>ri‘ctima</strong></span> <span class='ocrx_word' id='word_1_232' title='bbox 1061 3379 1191 3436; x_wconf 74' lang='lat' dir='ltr'><strong>legitimum</strong></span> <span class='ocrx_word' id='word_1_233' title='bbox 1210 3385 1256 3424; x_wconf 88' lang='lat' dir='ltr'><strong>est.</strong></span> <span class='ocrx_word' id='word_1_234' title='bbox 1274 3399 1309 3414; x_wconf 91' lang='lat'><strong>·-</strong></span> 
     </span>
     <span class='ocr_line' id='line_1_34' title="bbox 182 3442 1306 3507; baseline 0.003 -17"><span class='ocrx_word' id='word_1_235' title='bbox 182 3447 316 3506; x_wconf 85' lang='lat' dir='ltr'><strong>perculsae</strong></span> <span class='ocrx_word' id='word_1_236' title='bbox 332 3446 428 3504; x_wconf 80' lang='lat' dir='ltr'><strong>reliqui.</strong></span> <span class='ocrx_word' id='word_1_237' title='bbox 474 3442 533 3491; x_wconf 79' lang='lat'><strong>368.</strong></span> <span class='ocrx_word' id='word_1_238' title='bbox 554 3447 632 3491; x_wconf 83' lang='lat' dir='ltr'><strong>simul</strong></span> <span class='ocrx_word' id='word_1_239' title='bbox 649 3445 714 3490; x_wconf 77' lang='lat' dir='ltr'><strong>hanc</strong></span> <span class='ocrx_word' id='word_1_240' title='bbox 732 3447 793 3491; x_wconf 89' lang='lat' dir='ltr'><strong>Cdd.</strong></span> <span class='ocrx_word' id='word_1_241' title='bbox 812 3446 869 3504; x_wconf 85' lang='lat' dir='ltr'><strong>aliq.</strong></span> <span class='ocrx_word' id='word_1_242' title='bbox 886 3448 984 3492; x_wconf 85' lang='lat' dir='ltr'><strong>Bnrhtn.</strong></span> <span class='ocrx_word' id='word_1_243' title='bbox 1001 3449 1030 3491; x_wconf 87' lang='lat' dir='ltr'><strong>ad</strong></span> <span class='ocrx_word' id='word_1_244' title='bbox 1049 3448 1105 3493; x_wconf 82' lang='lat' dir='ltr'><strong>Tib.</strong></span> <span class='ocrx_word' id='word_1_245' title='bbox 1123 3462 1147 3502; x_wconf 89' lang='lat' dir='ltr'><strong>p.</strong></span> <span class='ocrx_word' id='word_1_246' title='bbox 1168 3446 1210 3493; x_wconf 82' lang='lat'><strong>61.</strong></span> <span class='ocrx_word' id='word_1_247' title='bbox 1226 3449 1306 3507; x_wconf 81' lang='lat' dir='ltr'><strong>stttig.</strong></span> 
     </span>
     <span class='ocr_line' id='line_1_35' title="bbox 184 3514 1306 3578; baseline 0.001 -16"><span class='ocrx_word' id='word_1_248' title='bbox 184 3519 234 3563; x_wconf 86' lang='lat' dir='ltr'><strong>Pro</strong></span> <span class='ocrx_word' id='word_1_249' title='bbox 252 3514 386 3578; x_wconf 79' lang='lat' dir='ltr'><strong>madefient</strong></span> <span class='ocrx_word' id='word_1_250' title='bbox 404 3517 464 3560; x_wconf 84' lang='lat' dir='ltr'><strong>Cdd.</strong></span> <span class='ocrx_word' id='word_1_251' title='bbox 481 3516 568 3574; x_wconf 90' lang='lat' dir='ltr'><strong>pleriq.</strong></span> <span class='ocrx_word' id='word_1_252' title='bbox 588 3515 741 3561; x_wconf 79' lang='lat' dir='ltr'><strong>madescent.</strong></span> <span class='ocrx_word' id='word_1_253' title='bbox 761 3540 794 3550; x_wconf 95' lang='lat'><em>-</em></span> <span class='ocrx_word' id='word_1_254' title='bbox 812 3517 944 3562; x_wconf 79' lang='lat' dir='ltr'><strong>mitescent</strong></span> <span class='ocrx_word' id='word_1_255' title='bbox 962 3531 1016 3561; x_wconf 88' lang='lat' dir='ltr'><strong>curn</strong></span> <span class='ocrx_word' id='word_1_256' title='bbox 1034 3518 1089 3562; x_wconf 83' lang='lat' dir='ltr'><strong>aliis</strong></span> <span class='ocrx_word' id='word_1_257' title='bbox 1104 3517 1203 3562; x_wconf 90' lang='lat' dir='ltr'><strong>Lachm.</strong></span> <span class='ocrx_word' id='word_1_258' title='bbox 1217 3523 1243 3562; x_wconf 90' lang='lat' dir='ltr'><strong>ut</strong></span> <span class='ocrx_word' id='word_1_259' title='bbox 1261 3519 1306 3563; x_wconf 88' lang='lat' dir='ltr'><strong>sit:</strong></span> 
     </span>
     <span class='ocr_line' id='line_1_36' title="bbox 185 3583 1307 3644; baseline -0.001 -12"><span class='ocrx_word' id='word_1_260' title='bbox 185 3588 340 3642; x_wconf 73' lang='lat' dir='ltr'><strong>„Polyxenae</strong></span> <span class='ocrx_word' id='word_1_261' title='bbox 360 3583 479 3630; x_wconf 81' lang='lat' dir='ltr'><strong>sacrificio</strong></span> <span class='ocrx_word' id='word_1_262' title='bbox 498 3586 598 3630; x_wconf 76' lang='lat' dir='ltr'><strong>Achiuis</strong></span> <span class='ocrx_word' id='word_1_263' title='bbox 611 3587 694 3630; x_wconf 87' lang='lat' dir='ltr'><strong>umbra</strong></span> <span class='ocrx_word' id='word_1_264' title='bbox 707 3588 835 3641; x_wconf 86' lang='lat' dir='ltr'><strong>mitescet,</strong></span> <span class='ocrx_word' id='word_1_265' title='bbox 856 3588 1016 3643; x_wconf 88' lang='lat' dir='ltr'><strong>placabitur.”</strong></span> <span class='ocrx_word' id='word_1_266' title='bbox 1052 3585 1113 3634; x_wconf 71' lang='grc'><strong>374.</strong></span> <span class='ocrx_word' id='word_1_267' title='bbox 1133 3587 1227 3631; x_wconf 88' lang='lat' dir='ltr'><strong>animis</strong></span> <span class='ocrx_word' id='word_1_268' title='bbox 1237 3587 1307 3644; x_wconf 85' lang='lat' dir='ltr'><strong>Lips.</strong></span> 
     </span>
     <span class='ocr_line' id='line_1_37' title="bbox 184 3655 1306 3715; baseline -0.002 -12"><span class='ocrx_word' id='word_1_269' title='bbox 184 3660 246 3704; x_wconf 84' lang='lat' dir='ltr'><strong>Ven.</strong></span> <span class='ocrx_word' id='word_1_270' title='bbox 261 3657 335 3702; x_wconf 90' lang='lat' dir='ltr'><strong>Web.</strong></span> <span class='ocrx_word' id='word_1_271' title='bbox 354 3656 470 3712; x_wconf 81' lang='lat' dir='ltr'><strong>probante</strong></span> <span class='ocrx_word' id='word_1_272' title='bbox 486 3655 594 3701; x_wconf 81' lang='lat' dir='ltr'><strong>Consors</strong></span> <span class='ocrx_word' id='word_1_273' title='bbox 613 3656 665 3701; x_wconf 92' lang='lat' dir='ltr'><strong>leu.</strong></span> <span class='ocrx_word' id='word_1_274' title='bbox 682 3671 710 3701; x_wconf 92' lang='lat' dir='ltr'><strong>ac</strong></span> <span class='ocrx_word' id='word_1_275' title='bbox 726 3657 866 3710; x_wconf 84' lang='lat' dir='ltr'><strong>videndum,</strong></span> <span class='ocrx_word' id='word_1_276' title='bbox 887 3672 915 3702; x_wconf 93' lang='lat' dir='ltr'><strong>ne</strong></span> <span class='ocrx_word' id='word_1_277' title='bbox 932 3658 1026 3711; x_wconf 83' lang='lat' dir='ltr'><strong>animi,</strong></span> <span class='ocrx_word' id='word_1_278' title='bbox 1038 3659 1108 3715; x_wconf 84' lang='lat' dir='ltr'><strong>quod</strong></span> <span class='ocrx_word' id='word_1_279' title='bbox 1124 3661 1226 3705; x_wconf 89' lang='lat' dir='ltr'><strong>recentt.</strong></span> <span class='ocrx_word' id='word_1_280' title='bbox 1244 3657 1306 3701; x_wconf 74' lang='lat' dir='ltr'><strong>nat.</strong></span> 
     </span>
     <span class='ocr_line' id='line_1_38' title="bbox 185 3726 1307 3785; baseline 0 -13"><span class='ocrx_word' id='word_1_281' title='bbox 185 3732 300 3784; x_wconf 87' lang='lat' dir='ltr'><strong>occupat,</strong></span> <span class='ocrx_word' id='word_1_282' title='bbox 332 3740 361 3771; x_wconf 82' lang='lat' dir='ltr'><strong>ex</strong></span> <span class='ocrx_word' id='word_1_283' title='bbox 388 3727 571 3781; x_wconf 82' lang='lat' dir='ltr'><strong>interpolatione</strong></span> <span class='ocrx_word' id='word_1_284' title='bbox 597 3726 696 3771; x_wconf 72' lang='lat' dir='ltr'><strong>dranci!</strong></span> <span class='ocrx_word' id='word_1_285' title='bbox 723 3728 770 3784; x_wconf 88' lang='lat' dir='ltr'><strong>sit;</strong></span> <span class='ocrx_word' id='word_1_286' title='bbox 798 3726 832 3770; x_wconf 89' lang='lat' dir='ltr'><strong>ita</strong></span> <span class='ocrx_word' id='word_1_287' title='bbox 851 3728 914 3772; x_wconf 88' lang='lat' dir='ltr'><strong>enim</strong></span> <span class='ocrx_word' id='word_1_288' title='bbox 932 3728 973 3772; x_wconf 90' lang='lat' dir='ltr'><strong>ille</strong></span> <span class='ocrx_word' id='word_1_289' title='bbox 992 3729 1015 3771; x_wconf 90' lang='lat' dir='ltr'><strong>iu</strong></span> <span class='ocrx_word' id='word_1_290' title='bbox 1033 3729 1186 3772; x_wconf 74' lang='lat' dir='ltr'><strong>Eruendutt..&#39;</strong></span> <span class='ocrx_word' id='word_1_291' title='bbox 1208 3727 1307 3785; x_wconf 79' lang='lat' dir='ltr'><strong>„I.ege:</strong></span> 
     </span>
     <span class='ocr_line' id='line_1_39' title="bbox 184 3794 1309 3858; baseline 0 -17"><span class='ocrx_word' id='word_1_292' title='bbox 184 3811 262 3858; x_wconf 81' lang='lat' dir='ltr'><strong>quare</strong></span> <span class='ocrx_word' id='word_1_293' title='bbox 281 3797 349 3857; x_wconf 85' lang='lat' dir='ltr'><strong>agite</strong></span> <span class='ocrx_word' id='word_1_294' title='bbox 367 3801 479 3854; x_wconf 85' lang='lat' dir='ltr'><strong>optatos,</strong></span> <span class='ocrx_word' id='word_1_295' title='bbox 501 3796 595 3851; x_wconf 85' lang='lat' dir='ltr'><strong>animi,</strong></span> <span class='ocrx_word' id='word_1_296' title='bbox 616 3809 672 3840; x_wconf 89' lang='lat' dir='ltr'><strong>casu</strong></span> <span class='ocrx_word' id='word_1_297' title='bbox 691 3794 801 3854; x_wconf 83' lang='lat' dir='ltr'><strong>qtrinto.&#39;’</strong></span> <span class='ocrx_word' id='word_1_298' title='bbox 818 3817 853 3831; x_wconf 92' lang='lat'>-</span> <span class='ocrx_word' id='word_1_299' title='bbox 869 3796 956 3842; x_wconf 78' lang='lat' dir='ltr'><strong>Animi</strong></span> <span class='ocrx_word' id='word_1_300' title='bbox 972 3810 1072 3842; x_wconf 81' lang='lat' dir='ltr'><strong>cruores</strong></span> <span class='ocrx_word' id='word_1_301' title='bbox 1091 3801 1170 3842; x_wconf 87' lang='lat' dir='ltr'><strong>autem</strong></span> <span class='ocrx_word' id='word_1_302' title='bbox 1189 3799 1309 3853; x_wconf 84' lang='lat' dir='ltr'><strong>explican-</strong></span> 
     </span>
     <span class='ocr_line' id='line_1_40' title="bbox 185 3865 1308 3925; baseline 0 -14"><span class='ocrx_word' id='word_1_303' title='bbox 185 3870 255 3922; x_wconf 88' lang='lat' dir='ltr'><strong>dum,</strong></span> <span class='ocrx_word' id='word_1_304' title='bbox 282 3872 308 3910; x_wconf 89' lang='lat' dir='ltr'><strong>ut</strong></span> <span class='ocrx_word' id='word_1_305' title='bbox 325 3880 397 3921; x_wconf 83' lang='lat' dir='ltr'><strong>saepe</strong></span> <span class='ocrx_word' id='word_1_306' title='bbox 416 3870 453 3910; x_wconf 84' lang='lat' dir='ltr'><strong>est</strong></span> <span class='ocrx_word' id='word_1_307' title='bbox 471 3868 530 3920; x_wconf 87' lang='lat' dir='ltr'><strong>apud</strong></span> <span class='ocrx_word' id='word_1_308' title='bbox 550 3867 679 3911; x_wconf 82' lang='lat' dir='ltr'><strong>Salustium</strong></span> <span class='ocrx_word' id='word_1_309' title='bbox 697 3867 721 3911; x_wconf 91' lang='lat' dir='ltr'><strong>iu</strong></span> <span class='ocrx_word' id='word_1_310' title='bbox 744 3867 843 3922; x_wconf 87' lang='lat' dir='ltr'><strong>primis,</strong></span> <span class='ocrx_word' id='word_1_311' title='bbox 868 3868 949 3911; x_wconf 86' lang='lat' dir='ltr'><strong>animi</strong></span> <span class='ocrx_word' id='word_1_312' title='bbox 965 3866 1055 3925; x_wconf 80' lang='lat' dir='ltr'><strong>cupido</strong></span> <span class='ocrx_word' id='word_1_313' title='bbox 1074 3867 1144 3912; x_wconf 83' lang='lat' dir='ltr'><strong>Orat.</strong></span> <span class='ocrx_word' id='word_1_314' title='bbox 1162 3868 1267 3923; x_wconf 88' lang='lat' dir='ltr'><strong>Philippi</strong></span> <span class='ocrx_word' id='word_1_315' title='bbox 1284 3865 1308 3912; x_wconf 81' lang='lat'><strong>7.</strong></span> 
     </span>
     <span class='ocr_line' id='line_1_41' title="bbox 185 3933 1307 3995; baseline 0 -14"><span class='ocrx_word' id='word_1_316' title='bbox 185 3937 260 3981; x_wconf 88' lang='lat' dir='ltr'><strong>timor</strong></span> <span class='ocrx_word' id='word_1_317' title='bbox 274 3937 355 3980; x_wconf 85' lang='lat' dir='ltr'><strong>animi</strong></span> <span class='ocrx_word' id='word_1_318' title='bbox 367 3936 421 3980; x_wconf 85' lang='lat' dir='ltr'><strong>Cat.</strong></span> <span class='ocrx_word' id='word_1_319' title='bbox 432 3934 473 3984; x_wconf 83' lang='lat'><strong>58.</strong></span> <span class='ocrx_word' id='word_1_320' title='bbox 488 3937 540 3995; x_wconf 82' lang='lat' dir='ltr'><strong>lug.</strong></span> <span class='ocrx_word' id='word_1_321' title='bbox 549 3933 591 3981; x_wconf 80' lang='lat'><strong>20.</strong></span> <span class='ocrx_word' id='word_1_322' title='bbox 630 3933 689 3981; x_wconf 66' lang='lat'><strong>384.</strong></span> <span class='ocrx_word' id='word_1_323' title='bbox 706 3933 855 3995; x_wconf 78' lang='lat' dir='ltr'><strong>praefantes</strong></span> <span class='ocrx_word' id='word_1_324' title='bbox 873 3938 927 3984; x_wconf 90' lang='lat' dir='ltr'><strong>scil.</strong></span> <span class='ocrx_word' id='word_1_325' title='bbox 946 3938 1043 3992; x_wconf 88' lang='lat' dir='ltr'><strong>nuptiis.</strong></span> <span class='ocrx_word' id='word_1_326' title='bbox 1058 3938 1110 3982; x_wconf 83' lang='lat' dir='ltr'><strong>Cic.</strong></span> <span class='ocrx_word' id='word_1_327' title='bbox 1125 3939 1153 3981; x_wconf 91' lang='lat' dir='ltr'><strong>de</strong></span> <span class='ocrx_word' id='word_1_328' title='bbox 1164 3938 1218 3982; x_wconf 86' lang='lat' dir='ltr'><strong>Dir.</strong></span> <span class='ocrx_word' id='word_1_329' title='bbox 1230 3937 1253 3993; x_wconf 83' lang='lat'><strong>1,</strong></span> <span class='ocrx_word' id='word_1_330' title='bbox 1265 3934 1307 3981; x_wconf 78' lang='lat'><strong>45.</strong></span> 
     </span>
     <span class='ocr_line' id='line_1_42' title="bbox 183 4003 1305 4067; baseline 0 -17"><span class='ocrx_word' id='word_1_331' title='bbox 183 4007 296 4050; x_wconf 85' lang='lat' dir='ltr'><strong>maiores</strong></span> <span class='ocrx_word' id='word_1_332' title='bbox 315 4007 398 4051; x_wconf 79' lang='lat' dir='ltr'><strong>nostri</strong></span> <span class='ocrx_word' id='word_1_333' title='bbox 414 4007 529 4050; x_wconf 85' lang='lat' dir='ltr'><strong>omnibus</strong></span> <span class='ocrx_word' id='word_1_334' title='bbox 548 4006 623 4050; x_wconf 82' lang='lat' dir='ltr'><strong>rebus</strong></span> <span class='ocrx_word' id='word_1_335' title='bbox 642 4005 766 4067; x_wconf 82' lang='lat' dir='ltr'><strong>agendis,</strong></span> <span class='ocrx_word' id='word_1_336' title='bbox 785 4005 850 4065; x_wconf 83' lang='lat' dir='ltr'><strong>qnod</strong></span> <span class='ocrx_word' id='word_1_337' title='bbox 864 4006 970 4061; x_wconf 83' lang='lat' dir='ltr'><strong>bonum,</strong></span> <span class='ocrx_word' id='word_1_338' title='bbox 984 4003 1120 4065; x_wconf 82' lang='lat' dir='ltr'><strong>sanetum,</strong></span> <span class='ocrx_word' id='word_1_339' title='bbox 1133 4003 1207 4065; x_wconf 80' lang='lat' dir='ltr'><strong>felix</strong></span> <span class='ocrx_word' id='word_1_340' title='bbox 1218 4004 1305 4067; x_wconf 84' lang='lat' dir='ltr'><strong>sortu-</strong></span> 
     </span>
     <span class='ocr_line' id='line_1_43' title="bbox 182 4072 1304 4136; baseline 0.001 -15"><span class='ocrx_word' id='word_1_341' title='bbox 182 4083 316 4136; x_wconf 84' lang='lat' dir='ltr'><strong>naturrtque</strong></span> <span class='ocrx_word' id='word_1_342' title='bbox 329 4077 377 4131; x_wconf 85' lang='lat' dir='ltr'><strong>eit,</strong></span> <span class='ocrx_word' id='word_1_343' title='bbox 394 4073 590 4135; x_wconf 78' lang='lat' dir='ltr'><strong>praesciantur.</strong></span> <span class='ocrx_word' id='word_1_344' title='bbox 608 4100 640 4110; x_wconf 94' lang='lat'>-</span> <span class='ocrx_word' id='word_1_345' title='bbox 655 4072 791 4135; x_wconf 79' lang='lat' dir='ltr'><strong>profantes</strong></span> <span class='ocrx_word' id='word_1_346' title='bbox 805 4077 903 4122; x_wconf 82' lang='lat' dir='ltr'><strong>Mitsclr.</strong></span> <span class='ocrx_word' id='word_1_347' title='bbox 915 4078 990 4122; x_wconf 90' lang='lat' dir='ltr'><strong>Doer.</strong></span> <span class='ocrx_word' id='word_1_348' title='bbox 1002 4076 1074 4135; x_wconf 83' lang='lat' dir='ltr'><strong>Ging.</strong></span> <span class='ocrx_word' id='word_1_349' title='bbox 1085 4076 1139 4121; x_wconf 82' lang='lat' dir='ltr'><strong>Ast.</strong></span> <span class='ocrx_word' id='word_1_350' title='bbox 1154 4078 1206 4122; x_wconf 88' lang='lat' dir='ltr'><strong>sine</strong></span> <span class='ocrx_word' id='word_1_351' title='bbox 1220 4091 1304 4122; x_wconf 86' lang='lat' dir='ltr'><strong>neces·</strong></span> 
     </span>
     <span class='ocr_line' id='line_1_44' title="bbox 183 4143 1305 4207; baseline -0.001 -15"><span class='ocrx_word' id='word_1_352' title='bbox 183 4148 269 4205; x_wconf 84' lang='lat' dir='ltr'><strong>sitate;</strong></span> <span class='ocrx_word' id='word_1_353' title='bbox 298 4147 373 4204; x_wconf 86' lang='lat' dir='ltr'><strong>„quin</strong></span> <span class='ocrx_word' id='word_1_354' title='bbox 399 4149 423 4190; x_wconf 87' lang='lat' dir='ltr'><strong>et</strong></span> <span class='ocrx_word' id='word_1_355' title='bbox 446 4147 523 4202; x_wconf 88' lang='lat' dir='ltr'><strong>prima</strong></span> <span class='ocrx_word' id='word_1_356' title='bbox 541 4148 565 4191; x_wconf 87' lang='lat' dir='ltr'><strong>in</strong></span> <span class='ocrx_word' id='word_1_357' title='bbox 582 4143 685 4207; x_wconf 81' lang='lat' dir='ltr'><strong>profari</strong></span> <span class='ocrx_word' id='word_1_358' title='bbox 703 4148 765 4201; x_wconf 86' lang='lat' dir='ltr'><strong>apud</strong></span> <span class='ocrx_word' id='word_1_359' title='bbox 783 4149 866 4202; x_wconf 70' lang='lat' dir='ltr'><strong>politas</strong></span> <span class='ocrx_word' id='word_1_360' title='bbox 885 4161 980 4203; x_wconf 88' lang='lat' dir='ltr'><strong>semper</strong></span> <span class='ocrx_word' id='word_1_361' title='bbox 998 4147 1166 4203; x_wconf 85' lang='lat' dir='ltr'><strong>corripitur:&#39;&#39;</strong></span> <span class='ocrx_word' id='word_1_362' title='bbox 1185 4147 1305 4193; x_wconf 80' lang='lat' dir='ltr'><strong>Huschslt.</strong></span> 
     </span>
     <span class='ocr_line' id='line_1_45' title="bbox 127 4212 1310 4276; baseline -0.001 -15"><span class='ocrx_word' id='word_1_363' title='bbox 127 4262 130 4269; x_wconf 80' lang='grc'><strong>,</strong></span> <span class='ocrx_word' id='word_1_364' title='bbox 182 4217 228 4274; x_wconf 81' lang='lat' dir='ltr'><strong>Ep.</strong></span> <span class='ocrx_word' id='word_1_365' title='bbox 241 4218 297 4262; x_wconf 90' lang='lat' dir='ltr'><strong>crit.</strong></span> <span class='ocrx_word' id='word_1_366' title='bbox 309 4232 333 4273; x_wconf 89' lang='lat' dir='ltr'><strong>p.</strong></span> <span class='ocrx_word' id='word_1_367' title='bbox 347 4213 405 4262; x_wconf 84' lang='lat' dir='ltr'><strong>llll.</strong></span> <span class='ocrx_word' id='word_1_368' title='bbox 445 4212 503 4263; x_wconf 82' lang='lat'><strong>385.</strong></span> <span class='ocrx_word' id='word_1_369' title='bbox 520 4223 622 4275; x_wconf 84' lang='lat' dir='ltr'><strong>pectore</strong></span> <span class='ocrx_word' id='word_1_370' title='bbox 640 4216 716 4261; x_wconf 88' lang='lat' dir='ltr'><strong>Codd.</strong></span> <span class='ocrx_word' id='word_1_371' title='bbox 734 4218 851 4275; x_wconf 87' lang='lat' dir='ltr'><strong>plerique.</strong></span> <span class='ocrx_word' id='word_1_372' title='bbox 865 4218 910 4266; x_wconf 82' lang='lat' dir='ltr'><strong>Ed.</strong></span> <span class='ocrx_word' id='word_1_373' title='bbox 927 4231 964 4274; x_wconf 86' lang='lat' dir='ltr'><strong>pr.</strong></span> <span class='ocrx_word' id='word_1_374' title='bbox 983 4232 1058 4276; x_wconf 88' lang='lat' dir='ltr'><strong>neque</strong></span> <span class='ocrx_word' id='word_1_375' title='bbox 1075 4223 1128 4262; x_wconf 89' lang='lat' dir='ltr'><strong>erat</strong></span> <span class='ocrx_word' id='word_1_376' title='bbox 1145 4219 1254 4273; x_wconf 76' lang='lat' dir='ltr'><strong>proiecto</strong></span> <span class='ocrx_word' id='word_1_377' title='bbox 1267 4231 1310 4262; x_wconf 89' lang='lat' dir='ltr'><strong>cur</strong></span> 
     </span>
     <span class='ocr_line' id='line_1_46' title="bbox 183 4284 1309 4347; baseline 0.002 -14"><span class='ocrx_word' id='word_1_378' title='bbox 183 4288 256 4333; x_wconf 84' lang='lat' dir='ltr'><strong>lectio</strong></span> <span class='ocrx_word' id='word_1_379' title='bbox 274 4289 338 4334; x_wconf 84' lang='lat' dir='ltr'><strong>Scal.</strong></span> <span class='ocrx_word' id='word_1_380' title='bbox 356 4287 455 4343; x_wconf 84' lang='lat' dir='ltr'><strong>otniae,</strong></span> <span class='ocrx_word' id='word_1_381' title='bbox 475 4290 537 4345; x_wconf 89' lang='lat' dir='ltr'><strong>quod</strong></span> <span class='ocrx_word' id='word_1_382' title='bbox 550 4288 614 4332; x_wconf 89' lang='lat' dir='ltr'><strong>inest</strong></span> <span class='ocrx_word' id='word_1_383' title='bbox 630 4284 786 4347; x_wconf 80' lang='lat' dir='ltr'><strong>infelicibus</strong></span> <span class='ocrx_word' id='word_1_384' title='bbox 803 4287 973 4344; x_wconf 79' lang='lat' dir='ltr'><strong>carminibus,</strong></span> <span class='ocrx_word' id='word_1_385' title='bbox 988 4302 1002 4333; x_wconf 88' lang='lat' dir='ltr'><strong>a</strong></span> <span class='ocrx_word' id='word_1_386' title='bbox 1018 4293 1118 4336; x_wconf 88' lang='lat' dir='ltr'><strong>receutt.</strong></span> <span class='ocrx_word' id='word_1_387' title='bbox 1135 4289 1309 4345; x_wconf 73' lang='lat' dir='ltr'><strong>praeferretur.</strong></span> 
     </span>
    </p>
   </div>
   <div class='ocr_carea' id='block_1_5' title="bbox 0 0 1396 4762">
    <p class='ocr_par' dir='ltr' id='par_1_10' title="bbox 0 0 1396 4762">
     <span class='ocr_line' id='line_1_47' title="bbox 0 0 1396 4762; baseline 0 0"><span class='ocrx_word' id='word_1_388' title='bbox 0 0 1396 4762; x_wconf 95' lang='lat' dir='ltr'><strong> </strong></span> 
     </span>
    </p>
   </div>
  </div>
 </body>
</html>
