2782 4762
96 341 144 402 Re
168 357 307 421 veraque
330 344 430 397 metus
453 330 617 396 hominnm
641 347 800 412 curaeque
822 344 973 409 sequaces

85 423 165 504 ‘Nee
189 448 330 501 metuunt
344 435 468 500 sonitus
486 455 648 498 armorum
668 451 728 494 nec
750 429 821 492 sera
841 427 923 501 tela;

95 545 320 625 Audacterque
339 537 423 601 inter
446 558 540 622 reges
561 555 732 620 rerumque
754 529 915 615 potenteis

94 647 280 708 Versantur
299 662 401 727 neque
422 641 585 724 fulgorem
608 648 798 702 reverentur
819 635 859 696 ab
878 653 957 719 atrro

93 749 165 808 Nec
191 745 312 808 clarum
331 741 430 806 vestis
449 743 652 824 splendorem
675 740 871 822 purpureai:

95 846 181 928 Quid
200 847 341 922 dubitas,
364 847 441 930 quin
464 843 560 909 omni'
582 842 622 907 sit
643 845 723 906 haec
743 839 871 905 rationi'
894 847 1054 921 potestas,

94 949 207 1015 Omnis
230 971 329 1034 quom
348 949 380 1011 in
403 946 542 1011 tenebris
564 944 753 1028 pracsertim
776 943 843 1007 vita
863 940 1014 1006 laboret?

93 1056 176 1115 Nam
199 1051 298 1115 veluti
320 1050 431 1134 puerei
450 1049 611 1132 trepidant
632 1059 728 1134 atque
751 1046 856 1112 omnia
878 1044 980 1108 caecis

94 1157 134 1219 In
153 1155 295 1219 tenebris
317 1165 479 1218 metuunt:
506 1152 552 1215 sic
574 1173 633 1216 nos
654 1151 687 1213 in
710 1151 781 1214 luce
803 1149 950 1212 timemus

93 1261 277 1333 Interdum,
300 1257 401 1321 nihilo
426 1278 507 1342 quae
531 1266 602 1318 sunt
622 1256 787 1317 metuenda
809 1252 911 1338 magis
936 1274 1031 1338 qnam
1173 1250 1212 1312 55

95 1363 185 1443 Quae
207 1361 318 1443 puerei
336 1359 369 1422 in
386 1358 527 1424 tenebris
548 1357 693 1440 pavitant
712 1358 901 1441 finguntque
922 1355 1041 1418 lutura.

93 1466 191 1527 Hunc
210 1462 311 1548 igitur
330 1475 490 1526 terrorem
517 1459 613 1524 animi
635 1462 847 1544 tenebrasque
868 1468 1028 1521 necessest

94 1571 172 1632 Non
191 1567 291 1631 radici
313 1565 390 1631 solis
412 1587 514 1651 neque
532 1565 637 1628 lucida
658 1562 721 1625 tela
744 1561 807 1626 diei

93 1670 292 1745 Discutiunt,
316 1672 372 1732 sed
395 1681 524 1731 naturae
546 1667 669 1750 species
691 1666 853 1752 ratioque.

446 1854 524 1917 Lib.
542 1855 590 1917 Il.
615 1876 649 1914 v.
666 1854 858 1918 590-659.

158 1976 347 2061 Principio,
370 1976 464 2040 tellus
485 1977 581 2038 habet
600 1974 632 2038 in
654 1996 688 2038 se
710 1996 852 2056 corpora
873 1973 994 2056 prima,

94 2085 187 2148 Unde
210 2103 296 2143 mare
316 2080 500 2142 immensum
522 2078 688 2143 volventes
707 2077 837 2162 frigora
857 2078 964 2142 sontes

96 2184 234 2249 Assidue
256 2194 432 2247 renovent:
458 2183 571 2256 habet,
592 2180 683 2264 ignes
706 2185 789 2244 unde
813 2180 972 2244 oriantur.

96 2289 179 2350 Nam
202 2285 309 2348 multis
327 2306 478 2348 succensa
499 2284 581 2348 locis
602 2287 713 2346 ardent
732 2281 800 2347 sola
823 2295 948 2358 terrae3

94 2388 232 2454 Eximiis
256 2411 334 2453 vero
358 2387 437 2450 furit
458 2386 589 2472 ignibus
611 2386 746 2468 impetus
769 2389 907 2451 Aetnae.

95 2496 179 2555 Tum
201 2513 305 2574 porro
322 2488 438 2553 nitidas
458 2491 570 2574 fruges
588 2492 780 2575 arbustaque
797 2489 879 2553 laeta
1149 2492 1210 2556 595

95 2593 254 2658 Gentibus
275 2593 419 2657 humanis
441 2595 537 2655 habet
558 2597 639 2656 unde
661 2593 819 2674 estollere
841 2593 965 2677 possit:
1002 2615 1005 2621 ¹

93 2807 205 2860 luerunt,
224 2810 334 2859 utsupra
350 2810 405 2861 post
422 2818 446 2848 v.
467 2802 509 2850 20.
526 2805 638 2862 Goitorp.
659 2812 682 2851 et
699 2807 810 2850 similiter
828 2806 858 2850 E.
872 2806 934 2850 Edd.
948 2810 1005 2850 vett.
1020 2806 1121 2851 habent:
1142 2806 1213 2852 snit-

94 2874 542 2920 cosrvssrarnsca'rnsrsma
572 2877 589 2920 i.
618 2891 641 2920 e.
670 2871 784 2944 σαρκὸς
806 2869 950 2937 εὐσταθὲς
975 2873 1162 2939 κατάστημα.
1190 2883 1214 2922 u

94 2946 150 2990 Lib.
166 2943 190 2992 1.
209 2950 263 3001 post
275 2958 298 2989 v.
314 2942 373 2991 9149.
388 2944 449 2989 Cod.
463 2945 511 2992 E.:
533 2944 641 3002 Topatio
655 2946 757 3002 pironio
774 2941 931 3006 gurgepirns
949 2959 1115 2990 menonncroe
1134 2947 1151 2994 i.
1173 2961 1195 2991 e.
1205 2979 1212 3002 ,

95 3016 120 3059 ni
138 3015 225 3070 tollor,
244 3010 280 3063 τὸ
300 3011 359 3062 πᾶν
376 3006 513 3085 ἄπειρον*
532 3010 566 3063 τὸ
587 3010 645 3083 γὰρ
664 3015 886 3080 πεπερασμένον
905 3007 999 3086 ἄκρον
1018 3008 1081 3075 ἔχει
1105 3038 1133 3048 -
1153 3009 1213 3071 'pro-

95 3084 218 3143 digialiter
235 3089 291 3129 sunt
308 3089 431 3140 corrupta.
469 3084 500 3128 Et
518 3090 596 3129 tamen
616 3087 663 3129 tale
682 3091 817 3140 portentum
829 3087 868 3130 hic
880 3086 979 3130 subesse
998 3091 1077 3141 potius
1095 3087 1214 3141 suspicari

95 3155 167 3209 libet,
187 3169 258 3212 quam
277 3159 302 3198 ut
319 3155 366 3198 sint
384 3168 469 3198 versus
487 3155 614 3198 deiormnti
630 3160 670 3198 aut
685 3157 760 3210 ipsius
776 3156 882 3200 Lucretii
895 3162 936 3199 aut
947 3158 1008 3200 alius
1026 3159 1110 3211 politae
1123 3156 1212 3200 Latini.

94 3225 195 3269 llihrida
213 3229 269 3268 sunt
286 3225 358 3269 ctiam
376 3225 418 3268 illa
436 3225 496 3268 Cod.
516 3225 546 3268 Ε.
566 3225 621 3268 Lib.
640 3223 670 3279 2,
692 3222 768 3270 1058.
792 3225 926 3270 ASPlROS
944 3225 1087 3274 MUNDOS.
1122 3227 1215 3270 Rursus

93 3299 149 3350 post
166 3308 191 3338 v.
208 3291 250 3337 41.
269 3294 331 3338 Edd.
351 3299 406 3350 post
429 3294 513 3339 Lamb.
536 3296 685 3339 inculcarunt
707 3291 920 3364 διττογραφίαν
939 3295 1072 3340 Noniansm
1092 3298 1115 3340 in
1132 3294 1216 3340 Fet-eit

94 3378 118 3419 p.
135 3361 194 3408 767.
214 3363 344 3411 Gothofr.:
375 3363 479 3408 Feroere
498 3375 570 3423 quom
588 3364 674 3408 videas
692 3365 800 3408 classem
819 3365 915 3424 lateque
934 3366 1043 3426 ongum]
1061 3366 1084 3409 in
1104 3379 1150 3422 qua
1168 3380 1214 3424 ego

93 3436 174 3488 potius
192 3427 319 3497 σφάλμα
335 3428 524 3498 μνημονικόν
543 3449 613 3492 quani
637 3448 690 3478 cum
707 3435 782 3478 Foris.
800 3435 901 3479 alterius
919 3436 1068 3480 recensionis
1087 3437 1215 3494 vestigium

94 3517 210 3562 agnosco.
247 3504 314 3561 Ergo
333 3519 396 3549 ruric
416 3504 515 3558 sustuli,
547 3506 619 3549 etiam
638 3507 666 3548 de
684 3505 771 3562 Pinzg.
785 3509 919 3549 sententia.
957 3504 1067 3549 Giinnius
1086 3511 1166 3550 autem
1185 3518 1213 3549 ex

95 3574 133 3616 bis
151 3573 270 3618 Nonianis
289 3580 312 3620 et
331 3575 441 3617 lemmate
460 3575 502 3618 illo
521 3574 625 3617 barbaro
640 3575 696 3618 baec
710 3572 843 3619 confinxit:
863 3574 892 3618 st
910 3571 1041 3633 monforte
1060 3581 1116 3618 tuce
1134 3575 1213 3634 legio-

93 3656 140 3687 nes
154 3657 204 3701 per
221 3643 279 3686 loca
296 3644 380 3701 campi
396 3642 502 3687 Fervere
522 3657 594 3702 quom
613 3643 714 3697 videas,
734 3645 843 3688 classem
860 3645 957 3703 lateque
975 3645 1067 3704 nugari
1079 3643 1214 3688 Ornatam-

94 3727 140 3770 que
158 3713 240 3756 armis
259 3712 318 3757 belli
335 3714 475 3757 simulacra
493 3715 599 3758 cientem
617 3712 665 3759 His
683 3714 728 3756 tibi
746 3719 792 3759 cet.
842 3711 883 3758 42.
903 3720 954 3757 tum
973 3714 1104 3768 Gottorp.‚
1125 3714 1215 3769 optima

95 3783 235 3827 auctoritas.
252 3783 282 3826 Λ.
295 3782 325 3830 L.
345 3807 377 3817 -
395 3797 452 3826 cum
471 3783 499 3827 C.
517 3784 547 3827 E.
562 3786 604 3828 W.
619 3784 647 3827 F.
687 3780 728 3828 ²⁵3.
748 3785 837 3828 timore
853 3784 914 3827 Cod.
925 3785 986 3827 Brit.
1002 3783 1026 3826 2.
1042 3783 1113 3838 prob.
1127 3785 1213 3842 Pinzg.

93 3853 169 3896 Recte
187 3853 263 3896 Forb.
282 3853 387 3898 defendit
409 3858 516 3897 nostram
539 3856 593 3898 lect.
611 3853 728 3897 firmatam
747 3869 760 3897 a
780 3854 810 3899 G.
831 3855 861 3897 E.
917 3851 959 3896 ll.
975 3854 1110 3909 pectori..
1131 3861 1215 3898 contra

97 3921 129 3966 G.
145 3923 175 3966 C.
190 3922 219 3966 E.
260 3921 301 3967 51.
322 3924 465 3982 quimomne
478 3921 569 3968 sithoc
582 3924 691 3968 rationis
705 3930 816 3983 egestus.
838 3925 902 3967 Hanc
915 3923 959 3969 Av.
973 3925 1126 3968 temerariam
1140 3927 1213 3970 inier-

95 3993 244 4047 polationem
262 4006 345 4038 omnes
363 3995 438 4039 secuti
458 3999 527 4047 sunt,
549 4009 622 4052 nsque
641 3995 669 4037 sd
688 3994 748 4038 Har.
768 4009 782 4037 n
799 3996 917 4052 Preigero
936 3993 986 4037 veri
1006 3995 1160 4039 admonitum.

499 4119 553 4165 Lm.
569 4122 601 4169 ll.
622 4135 645 4167 r.
661 4117 819 4166 590-659.

148 4204 209 4252 591.
222 4201 332 4267 frigora
350 4209 367 4251 i.
385 4222 407 4252 e.
428 4209 656 4268 aquamfrigidam,
679 4209 754 4254 Codd.
771 4214 829 4253 vett.
844 4209 915 4253 etiem
929 4209 974 4255 Av.
995 4211 1037 4254 W.
1059 4234 1090 4244 -
1104 4207 1214 4272 sicinina

92 4276 225 4321 arbitraria
243 4278 281 4322 Pii
301 4277 435 4322 emendatio
455 4285 596 4323 conservata
614 4280 643 4324 ab
659 4279 787 4335 omnibus,
808 4279 879 4324 etiam
898 4280 990 4325 Eichst.
