2782 4762
161 351 217 416 Nil
240 373 336 438 agere
359 354 424 419 olla
444 353 528 419 ioris
550 364 600 420 tot
621 374 765 443 corpora
787 354 949 419 materiai:

159 457 266 536 Quom
284 455 472 539 praesertim
493 455 549 521 hic
568 457 609 521 sit
632 468 745 523 natura
764 459 867 523 iactus
888 470 920 523 et
941 457 1010 542 ipsa

156 561 281 648 Sponte
302 581 358 622 sua
377 559 464 624 sorte
485 561 672 625 offensando
693 560 812 626 semina
833 583 939 627 rerum

156 659 361 726 Multimodis
382 672 502 726 temere
523 660 678 726 incassum
699 664 883 749 frustraque
906 674 1018 728 coacta
1188 667 1270 728 1060

156 765 300 841 Tandem
322 763 500 829 coaluerint
522 786 574 842 ea,
597 788 678 852 quae
698 765 844 831 coniecta
862 777 992 848 repente

155 865 352 948 Magnarum
378 888 484 930 rerum
506 868 775 934 fierentexordia
798 890 939 952 semper,

156 969 291 1044 Terra‘i,
313 969 409 1031 maris
430 981 462 1033 et
484 969 562 1033 caeli
586 971 776 1057 generisque
799 971 1001 1034 animantum.

154 1069 263 1148 Quare
285 1069 380 1134 etiam
404 1083 498 1158 atque
520 1071 614 1136 etiam
634 1072 725 1136 taleis
747 1073 867 1137 fateare
889 1094 1017 1138 necesse
1039 1086 1086 1139 est

151 1173 232 1238 Esse
255 1173 337 1238 alios
358 1172 434 1238 alibi
453 1196 646 1260 congressus
669 1175 829 1252 materiai,
1027 1217 1031 1224 ·
1187 1181 1267 1244 1065
1322 1165 1328 1228 s

153 1275 266 1355 Qualis
286 1276 341 1339 hic
359 1288 421 1354 est,
445 1276 542 1342 avido
566 1277 737 1360 complexu
761 1301 853 1363 quem
876 1290 962 1343 tenet
985 1281 1106 1343 aether.

215 1381 405 1454 Praeterea,
428 1401 526 1465 quom
550 1379 696 1444 materies
715 1392 763 1443 est
787 1381 882 1443 multa
905 1380 1034 1462 parata,

151 1480 258 1559 Quom
283 1482 374 1545 locus
396 1493 444 1546 est
465 1492 594 1564 praesto
617 1504 677 1546 nec
698 1505 751 1547 res
772 1505 831 1547 nec
854 1505 962 1547 caussa
986 1495 1129 1547 moratur

149 1583 242 1659 Ulla,
268 1583 337 1668 geri
360 1588 475 1647 debent
494 1583 640 1647 nimirum
664 1596 695 1648 et
717 1586 851 1650 confieri
872 1608 936 1650 res.

148 1687 263 1761 Nunc,
287 1697 318 1748 et
340 1685 512 1748 seminibus
533 1686 560 1748 si
581 1697 668 1750 tanta
689 1700 736 1751 est
759 1687 870 1770 copia,
895 1699 1041 1774 quantam
1182 1694 1263 1755 1070

148 1789 346 1852 Enumerare
369 1799 454 1852 aetas
475 1787 665 1851 animantum
688 1812 753 1855 non
776 1803 870 1875 queat
892 1790 1015 1865 onmis,

147 1888 274 1975 Visque
295 1894 404 1954 eadem
427 1902 459 1954 et
480 1903 592 1953 natura
617 1903 736 1967 manet,
760 1914 839 1977 quae
862 1892 980 1956 semina
1002 1914 1108 1955 rerum

149 1991 322 2057 Coniicere
341 1993 374 2061 in
396 1994 470 2056 loca
493 2016 636 2079 quaeque
659 2005 772 2079 queat,
795 1993 890 2057 simili
912 1993 1036 2058 ratione

149 2097 259 2180 Atque
277 2097 340 2160 huo
359 2108 431 2159 sunt
454 2096 620 2160 coniecta:
644 2108 802 2160 necessest
825 2098 997 2162 confiteare

145 2197 226 2261 Esse
250 2197 331 2261 alios
354 2197 424 2262 aliis
446 2211 603 2262 terrarum
628 2198 829 2282 inpartibus
852 2200 961 2264 orbeis
1071 2209 1073 2212 ’
1140 2203 1142 2209 ’
1182 2206 1261 2268 1075

145 2301 189 2362 Et
209 2300 316 2363 varias
337 2301 500 2366 hominnm
525 2301 647 2387 genteis
669 2313 701 2366 et
722 2303 807 2365 secla
828 2303 982 2365 ferarum.

143 2405 219 2465 Huc
238 2405 380 2481 accedit,
404 2405 450 2468 uti
471 2405 504 2469 in
528 2427 648 2468 summa
669 2426 721 2470 res
742 2405 827 2467 nulla
849 2404 890 2467 sit
911 2426 987 2480 una,

142 2505 246 2569 Unica
270 2521 350 2592 quae
372 2506 522 2594 gignatur
544 2520 576 2571 et
598 2507 691 2571 unica
711 2508 843 2593 solaque
865 2519 1005 2583 crescat3

96 2638 99 2643 ·
142 2607 229 2689 Quin
251 2599 412 2696 aliquoiu'
426 2611 486 2675 siet
507 2611 583 2675 secli
606 2609 828 2696 permultaque
850 2613 961 2674 eodem

142 2713 213 2777 Sint
236 2736 373 2800 genere:
397 2712 565 2797 inprimis
588 2712 774 2776 animalibus
796 2711 900 2777 indice
921 2726 1025 2778 mente
1177 2720 1258 2782 1080

140 2817 289 2881 Invenies
312 2817 359 2880 sic
381 2816 599 2902 montivagum
622 2837 720 2901 genus
741 2839 808 2881 esse
830 2817 985 2880 ferarum.

138 3115 186 3161 quo
203 3101 265 3144 nolet
284 3100 339 3156 ipae
357 3098 434 3142 Codd.
453 3094 478 3139 2.
496 3097 542 3148 111,
569 3097 659 3139 omisso
678 3094 712 3139 rit
729 3095 805 3140 Codd.
827 3089 852 3139 8.
869 3096 937 3139 Brir.
958 3096 1113 3151 omisserit,
1134 3111 1181 3156 quc
1198 3101 1256 3143 volit

137 3174 192 3229 ipae
210 3172 269 3214 Ver.
283 3171 345 3213 Ven.
378 3191 411 3202 -
437 3166 501 3211 liber
519 3177 613 3224 quoquo
631 3164 689 3209 relit
706 3166 744 3209 ire
769 3166 813 3209 Ar.
827 3166 895 3209 Pius.
910 3166 939 3210 Α.
972 3190 1004 3199 -
1034 3180 1081 3225 quo
1101 3169 1254 3225 percolitare

137 3242 247 3287 Gronov.
268 3263 301 3273 -
319 3238 384 3282 liber
401 3238 436 3281 rit
453 3248 500 3294 quo
518 3231 923 3292 1111111111Ρ11111111111111Λ11.
945 3260 978 3269 -
1001 3236 1067 3280 iiber
1085 3252 1131 3295 quo
1147 3240 1254 3295 percolit

135 3312 174 3355 ire
191 3310 284 3355 Eichst.
308 3313 403 3352 secutus
426 3307 531 3350 Par-eum
555 3319 568 3348 a
590 3305 679 3349 Gitanii
706 3306 794 3350 iudicio
819 3307 969 3361 pendentem.
1004 3305 1101 3364 Antiqui
1117 3308 1190 3351 nolim
1207 3322 1252 3364 pro

135 3381 209 3426 celim
228 3381 352 3433 dixerunt,
372 3381 433 3422 teste
445 3377 526 3420 Prisc.
541 3373 565 3421 9.
579 3389 603 3431 p.
616 3372 675 3420 818.
690 3376 720 3419 Ρ.
742 3396 771 3407 -
791 3389 838 3434 qno
851 3376 960 3432 percolit
977 3375 1031 3432 ipse
1049 3377 1126 3421 Forb.
1149 3378 1195 3422 Sed
1209 3392 1252 3422 cur

135 3451 223 3506 duplex
231 3450 310 3493 forma
319 3448 378 3492 velit
386 3473 396 3482 -
409 3473 419 3482 -
425 3445 533 3502 percolit
542 3459 595 3490 sese
606 3446 640 3489 sic
651 3446 762 3500 excipiat,
773 3460 819 3489 non
830 3446 947 3504 intelligo.
960 3445 1150 3490 llerersusnunc
1159 3461 1213 3490 sum
1222 3450 1250 3490 ad

134 3523 191 3566 lect.
203 3521 262 3564 Cdd.
275 3520 333 3576 aliq.
347 3518 376 3562 L.
390 3517 420 3560 ll.
432 3533 438 3560 :
450 3535 483 3550 -
497 3516 661 3574 quoperrolet
670 3515 724 3572 ipae
734 3515 751 3559 i.
764 3530 786 3560 e.
801 3517 874 3560 ultro.
885 3514 975 3568 (libero
985 3529 1031 3573 quo
1040 3517 1098 3559 velit
1108 3517 1164 3573 ipse
1174 3517 1205 3561 Ε.
1220 3538 1249 3549 -

131 3590 197 3634 liber
215 3590 250 3634 sit
267 3602 313 3647 quo
332 3589 394 3632 uolet
412 3587 466 3642 ipae
485 3585 526 3640 C.)
580 3581 656 3630 1051.
681 3581 826 3644 summaque
840 3581 971 3644 prosundd
988 3585 1034 3639 „in
1051 3585 1106 3630 dem
1124 3586 1249 3646 3111111111-

132 3661 204 3704 lesen
225 3658 330 3702 Weltcll
346 3654 460 3701 lterum.’'
478 3655 532 3699 Lib.
555 3652 582 3708 6,
603 3650 662 3700 650.
704 3653 735 3698 111
751 3656 929 3698 reminiscor-ia
948 3668 1072 3699 eummcm
1090 3668 1175 3699 rerum
1194 3668 1249 3699 1111

129 3726 295 3787 profundam.
321 3729 392 3786 Virg.
418 3726 463 3771 Ge.
484 3722 514 3777 1,
536 3722 595 3768 222.
641 3726 784 3783 coelumque
813 3722 976 3784 profundum.
1043 3721 1119 3770 1060.
1142 3721 1250 3782 sructrn

133 3813 226 3858 quoque
244 3800 313 3842 iactu
333 3798 384 3852 (ll.)
403 3797 470 3841 Brix.
491 3796 536 3839 Av.
568 3816 596 3826 -
627 3790 779 3852 frustraque
795 3795 862 3838 iacta
877 3794 953 3839 Codd.
976 3807 1028 3839 sex.
1050 3796 1109 3838 Ver.
1133 3795 1195 3839 Ven.
1218 3817 1246 3826 -

132 3870 274 3926 iactatuque
285 3869 390 3926 jruatre
401 3867 440 3911 Pii
453 3865 608 3919 exemplaria.
623 3864 652 3908 C.
666 3864 696 3908 A.
738 3863 814 3909 1061.
829 3867 860 3908 al.
879 3864 1003 3917 coierint,
1023 3864 1161 3918 coluerint,
1181 3865 1248 3908 cola·

131 3944 193 3982 runt
204 3938 316 3994 (sicE.),
336 3939 458 3992 colerent,
479 3936 624 3989 caelarunt,
644 3934 765 3988 coierint,
779 3934 891 3978 coierunt
900 3934 966 3989 (C.)‚
986 3940 1114 3989 coartant,
1134 3940 1248 3978 coareto-

131 4009 201 4062 rint,·
220 4007 365 4052 concrerint
381 4007 458 4052 Gron.
479 4029 511 4040 -
536 4004 674 4049 coaluerint
694 4004 722 4048 L.
742 4005 773 4048 H.
801 4025 830 4036 -
855 4004 995 4048 coaluerint
1007 4005 1048 4048 W.
1069 4007 1097 4049 de
1117 4005 1166 4049 Gif.
1181 4005 1244 4048 coni.

133 4075 209 4124 1079.
229 4077 392 4122 DeGronovii
406 4076 563 4122 coui.ll.W.
584 4099 616 4108 -
635 4074 767 4133 aliquoiuir
780 4074 839 4118 Cdd.
878 4070 954 4119 1080.
974 4074 1007 4117 ita
1022 4075 1098 4118 Codd.
1113 4074 1173 4118 Edd.
1187 4078 1244 4118 vett.

129 4147 224 4204 (iudice
235 4145 317 4204 Brix.)
336 4171 369 4181 -
386 4147 462 4191 iniiee
477 4151 582 4189 mentem
597 4144 663 4200 Lips.
678 4168 711 4178 -
722 4144 815 4188 inclute
826 4140 930 4187 Memmi
948 4143 1025 4188 Gron.
1038 4145 1067 4191 H.
1092 4144 1118 4187 ln
1132 4157 1243 4187 sermone

130 4221 210 4262 soluto
230 4219 354 4262 dicendum
372 4222 451 4262 esset:
479 4216 520 4269 „in
539 4215 623 4270 primis
642 4215 665 4258 in
684 4214 852 4257 animalibus.”
870 4214 933 4257 11.1.
950 4213 1044 4271 primic
1062 4214 1154 4270 inagis,
1174 4225 1244 4269 quam

131 4289 289 4333 cominuniter
308 4287 334 4332 fit
353 4289 376 4332 ir
395 4288 438 4332 bac
455 4286 573 4339 termula,
593 4284 704 4330 adiectivi
723 4287 864 4338 potestatem
886 4288 974 4331 servat.
