2782 4762
137 184 175 244 tt

133 341 216 404 Nam
239 336 301 402 tuit
323 336 357 400 in
379 333 487 420 pretio
512 333 613 418 magis
636 352 708 409 aes,
731 352 904 416 aurumque
926 330 1051 394 iacebat

137 445 282 524 Propter
302 438 502 503 inutilitatem
523 435 631 501 hebeti
653 456 806 500 mucrone
830 445 989 497 retusum:

134 546 228 608 Nunc
247 542 331 607 iacet
354 564 423 617 aes,
446 562 557 605 aurum
579 538 612 603 in
634 559 787 601 summum
810 535 961 600 successit
983 537 1154 600 honorem.

134 648 188 711 Sic
211 645 372 710 volvunda
395 654 481 708 aetas
504 651 678 706 commutat
696 651 843 722 tempora
865 659 992 703 rerum:
1170 638 1250 701 1275

98 792 100 797 2
136 749 233 829 Quod
253 747 317 812 fuit
339 745 372 810 in
393 744 518 828 pretio,
541 747 578 808 fit
601 743 689 808 nullo
712 741 849 827 denique
870 744 1015 816 honor-03

133 854 245 916 Porro
268 850 354 913 aliud
376 847 517 912 succedit
538 858 569 910 et
591 869 608 910 e
633 843 871 927 contemptibus
895 844 961 907 exit

135 953 236 1038 inque
261 951 328 1016 dies
350 949 454 1034 magis
476 949 638 1034 appetitur
659 947 819 1033 floretque
842 958 1005 1029 repertum

133 1054 298 1118 Laudibus
316 1065 347 1117 et
370 1053 452 1117 miro
474 1063 522 1116 est
539 1049 705 1114 mortaleis
724 1048 808 1112 inter
829 1050 969 1114 honore.

196 1161 291 1222 Nunc
312 1154 389 1232 tibi,
413 1177 479 1239 quo
497 1165 594 1237 pacto
613 1152 695 1216 ferri
714 1162 826 1215 natura
848 1165 976 1232 reperta
1169 1158 1251 1219 1280

135 1260 201 1337 Sit,
223 1259 347 1324 facilest
367 1257 430 1341 ipsi
452 1279 510 1340 per
529 1269 560 1320 tc
580 1277 797 1340 cognoscere,
822 1254 971 1319 Memmi.

196 1365 297 1427 Arma
320 1359 451 1446 antiqua
474 1382 598 1435 manus,
622 1379 742 1443 ungues
767 1360 940 1443 dentesque
962 1358 1091 1424 suerunt

133 1469 177 1531 Et
200 1464 322 1548 lapides
345 1462 490 1538 etitem,
514 1460 666 1526 silvarum
684 1460 861 1545 fragmina,
883 1461 997 1525 ramei.

132 1571 194 1645 Et,
217 1568 342 1630 flamma
362 1577 457 1651 atque
480 1563 571 1650 ignes
593 1574 763 1647 postquam
787 1575 859 1626 suut
881 1564 1012 1648 cognita
1030 1564 1185 1650 primum,

132 1669 300 1736 Posterius
321 1668 403 1733 ferri
424 1668 473 1733 vis
495 1680 543 1732 cst
557 1665 702 1750 aerisque
720 1679 867 1749 reperta:
1168 1672 1249 1735 1285

132 1777 176 1838 Et
198 1772 291 1856 prior
314 1770 396 1836 aeris
419 1782 487 1836 erat
508 1792 602 1856 quam
622 1768 703 1832 ferri
726 1770 875 1855 cognitus
897 1793 988 1847 usus,

133 1875 208 1956 Quo
232 1874 337 1940 facilis
360 1873 462 1960 magis
486 1885 533 1938 cst
554 1884 667 1936 natura
688 1885 719 1937 et
742 1873 837 1956 copia
860 1874 975 1939 maior.
1047 1861 1050 1865 ’

136 1981 224 2044 Aere
247 1979 350 2043 sotum
371 1990 475 2043 terrae
495 1980 675 2040 tractabant
697 1998 833 2062 aereque
857 1978 932 2040 belli

132 2081 316 2146 Miscebant
335 2082 450 2144 fluctus
467 2093 498 2144 et
521 2081 654 2145 volnera
676 2090 765 2144 vasta
786 2082 934 2144 serebant

132 2186 176 2246 Et
197 2206 295 2266 pecus
316 2194 410 2268 atque
432 2204 531 2267 agros
552 2181 752 2245 adimebant:
777 2205 849 2246 nam
868 2185 965 2249 facile
988 2187 1063 2252 ollis
1168 2191 1251 2256 1290

132 2284 248 2350 Omnia
271 2287 426 2348 cedebant
450 2283 579 2347 armatis
598 2286 680 2347 nuda
702 2296 733 2349 et
754 2285 888 2351 inerma.

130 2390 209 2452 Inde
231 2386 407 2451 minutatim
429 2387 588 2470 processit
604 2388 730 2451 ferreus
750 2389 833 2453 ensis

130 2493 303 2576 Vorsaque
321 2488 353 2553 in
377 2492 574 2556 obscoenum
594 2489 718 2573 species
741 2504 788 2556 est
809 2494 902 2559 falcis
926 2499 1061 2574 athenae,

130 2597 174 2658 Et
198 2594 288 2658 ferro
310 2616 449 2676 coepere
471 2593 575 2659 solum
594 2592 806 2676 proscindere
828 2609 951 2674 terrae3

131 2699 381 2783 Exsequataque
404 2707 475 2760 sunt
499 2695 625 2778 creperi
651 2698 822 2761 certamina
845 2701 937 2766 belli.
1168 2706 1247 2770 1295

193 2802 237 2863 Et
257 2799 346 2882 prius
370 2809 417 2862 est
436 2810 590 2862 armatum
609 2799 642 2862 in
665 2800 738 2883 equi
757 2807 974 2869 conscendere
994 2817 1100 2871 costas

130 2906 174 2973 Et
195 2901 395 2967 moderarier
415 2904 500 2965 hunc
522 2902 621 2966 frenis
647 2907 823 2990 dextraque
843 2906 957 2992 vigere

131 3007 233 3086 Quam
256 3004 369 3088 biiugo
394 3028 491 3068 curru
513 3005 590 3069 belli
612 3018 734 3071 tentare
754 3009 891 3092 pericla.

130 3111 174 3171 Et
193 3106 339 3192 biiugom
361 3106 451 3190 prius
473 3120 521 3171 est
539 3131 632 3194 quam
651 3110 700 3173 bis
724 3113 920 3199 coniungere
944 3118 1038 3183 binos

183 3298 258 3346 1279.
279 3301 314 3344 lta
324 3301 401 3345 Codd.
411 3303 496 3360 pleriq.
505 3304 575 3347 etiam
584 3305 612 3349 C.
621 3305 681 3348 Edd.
691 3310 747 3353 vett.
758 3306 847 3352 ihm-H.
868 3310 913 3354 Sed
921 3312 963 3356 W.
972 3313 1000 3358 de
1010 3314 1074 3359 coni.
1083 3316 1246 3362 ririromortu-

127 3370 175 3414 lete
189 3370 254 3415 inter
268 3368 362 3415 honore
376 3383 422 3425 est,
436 3373 490 3429 quia
504 3374 579 3419 Codd.
592 3376 661 3432 aliq„
676 3377 746 3418 etiam
760 3376 790 3419 E.
810 3379 875 3422 miro
887 3385 925 3423 est
937 3395 970 3425 m.
984 3381 1003 3426 ι’.
1017 3380 1134 3433 honores.
1158 3387 1246 3432 Nostra

128 3445 209 3484 autem
226 3442 290 3484 ratio
308 3454 365 3485 saue
384 3443 470 3487 metior
489 3457 558 3498 quam
577 3445 669 3489 Foth:
698 3444 828 3490 Laudibus
846 3453 870 3491 et
887 3450 952 3495 mim
971 3456 1102 3500 mortalem
1120 3457 1191 3501 inter
1203 3457 1246 3502 ho·

127 3523 198 3556 nora.
237 3508 311 3554 raet.
326 3512 410 3568 ipsum
421 3514 511 3558 uun.
552 3511 627 3558 rtet.
647 3515 682 3557 ua
696 3514 772 3559 cota.
785 3517 814 3560 c,
826 3517 855 3561 n,
867 3520 913 3564 av.
928 3510 1050 3582 flamina.
1059 3526 1088 3570 1.
1101 3526 1129 3570 1..
1143 3529 1172 3574 u.
1184 3529 1245 3572 sun.

128 3582 227 3624 ditinum
240 3580 302 3626 hunc
314 3595 409 3625 versum
423 3583 535 3626 censebat
546 3584 624 3628 Bentt.
670 3581 745 3629 1289.
765 3587 848 3630 luctus
860 3614 870 3624 ·
884 3586 997 3647 -sunern
1009 3595 1088 3641 flenti.
1102 3610 1126 3643 v.
1135 3597 1245 3644 Huschke

127 3650 239 3694 hnatecta
255 3651 309 3694 crit.
324 3665 348 3706 p.
364 3648 423 3695 201.
442 3652 480 3695 ubi
501 3665 529 3696 ex
547 3654 649 3697 Victorii
669 3655 727 3698 Ver.
743 3655 820 3700 Lectt.
834 3653 880 3712 37,
903 3658 926 3705 2.
947 3663 1026 3707 iaudat
1046 3665 1228 3722 Theopompum

127 3722 166 3776 qui
183 3724 242 3765 teste
255 3721 400 3774 Plutarcho,
420 3722 513 3766 dixerat
527 3714 625 3793 ῥεῦμα
637 3721 687 3772 καὶ
699 3720 834 3774 κλύδωνα
845 3726 986 3794 πολέμου.
1030 3734 1066 3778 lb.
1079 3733 1202 3794 serebant
1215 3700 1243 3783 C:

130 3787 204 3833 1293.
223 3790 372 3835 obscoenum
387 3805 417 3835 eu
430 3793 539 3837 Macrob.
554 3795 605 3838 stt.
620 3791 644 3847 2,
658 3794 681 3840 11.
701 3798 814 3846 praetulit
828 3798 907 3843 Booti.
921 3803 1030 3856 reposuit
1040 3805 1081 3853 W.
1094 3807 1170 3852 Codd.
1182 3809 1242 3854 Edd.

128 3872 210 3902 omnes
234 3859 412 3917 opprobrium:
441 3864 469 3907 de
491 3865 556 3907 vocis
579 3862 717 3908 obscaenus
740 3868 774 3910 vet
800 3866 937 3915 obscoenus
962 3871 1133 3932 orthographia
1153 3885 1246 3923 certent

126 3930 260 3973 etiamnunc
272 3931 438 3988 graminatiei;
456 3946 479 3974 v.
497 3933 567 3978 Beier
584 3936 612 3978 ad
629 3933 680 3979 Cic.
690 3936 719 3978 de
730 3934 801 3980 Otho.
815 3937 838 3981 1.
850 3953 874 3995 p.
888 3937 947 3986 226.
967 3941 1064 3995 „Poeta
1084 3948 1140 3991 dicit
1158 3949 1244 3994 falcem

126 4000 225 4051 aduam,
258 4005 283 4042 ut
307 4000 490 4046 instrumentum
514 4004 618 4048 mititare
643 4003 732 4061 (quidni
752 4007 831 4060 potius
850 4008 997 4068 rusticumi)
1022 4014 1046 4059 in
1065 4018 1244 4063 desuetudinem

126 4067 229 4120 abiisse,
256 4070 284 4112 ad
304 4083 361 4114 usus
380 4073 486 4131 tnagicos
505 4073 544 4128 (ad
562 4076 705 4119 deserendas
724 4077 777 4119 scit.
798 4076 885 4123 herhas
913 4081 1007 4136 philtris
1032 4091 1055 4130 et
1078 4089 1244 4133 incantationi-

126 4137 170 4182 bus
188 4137 297 4195 idoneas)
317 4154 465 4186 conversam.
493 4144 553 4188 nine
572 4147 658 4199 pendet
675 4145 759 4191 itcrat.
773 4146 850 4202 Epod.
867 4147 896 4203 5,
913 4149 954 4198 98.
975 4153 1018 4198 uti
1029 4156 1166 4202 obscoenus
1179 4174 1244 4203 uuus

126 4212 181 4252 suut
193 4207 311 4255 veneficae
325 4209 445 4269 (sagae).'’
465 4214 537 4258 Wah.
577 4212 651 4261 1295.
672 4214 782 4275 creperi]
797 4217 822 4262 111
837 4217 881 4267 Cd.
892 4218 921 4264 E.
935 4235 1058 4277 superscr.
1072 4229 1148 4286 gioss.
1163 4228 1242 4278 dubii.

127 4275 204 4324 1296.
223 4286 366 4338 reppertum
381 4282 411 4330 L.
424 4288 507 4328 eontra
520 4284 580 4330 Cdd.
594 4290 681 4340 notos,
704 4287 815 4333 etiauiG.
829 4287 860 4336 E.
900 4289 975 4340 tant.
994 4294 1061 4342 ciere
1077 4297 1116 4342 Pii
1130 4299 1189 4345 Cdd.
1213 4286 1242 4332 4·
