2782 4762
165 199 229 263 284

167 356 343 436 Quaestor.
372 352 578 421 Candidatus.
613 352 765 417 Praetor.
796 350 958 415 Urbanus.
989 346 1181 413 Corrector.
1213 350 1284 411 Tu-

165 459 263 523 sciae.
299 459 356 521 Et.
394 457 560 522 Umbriae.
594 453 797 521 Consularis.
831 451 1028 516 Lusitaniae.
1064 452 1285 527 Proconsule.

165 559 319 626 Achaiae.
342 561 542 626 Praefectus.
566 560 661 626 Urbi.
684 560 842 641 Legatos.
866 556 911 619 A.
928 556 1058 619 Senatu.
1081 555 1217 617 Missus.
1234 556 1283 617 V.

78 707 82 712 -
166 663 369 727 Praefectus.
404 661 590 726 Praetorio.
630 661 675 724 ll.
712 659 835 723 ltaliae.
874 660 931 722 Et.
969 655 1105 736 lllyrici.
1145 656 1298 731 Consul.

167 762 369 829 Ordiuarius.
392 765 599 848 Designatus.
623 764 679 826 Et.
701 762 842 826 Aeonia.
865 759 978 822 Fabia.
1003 758 1150 824 Paulina.
1174 759 1216 823 C.
1241 759 1283 821 F.

166 870 308 930 Sacrata.
340 866 466 931 Cereri.
496 868 550 929 Et.
579 864 762 928 Eleusiniis.
794 866 938 926 Sacrata.
973 863 1082 944 Apud.
1111 861 1283 944 Aeginam.

166 970 321 1031 Hecatae.
356 968 602 1031 'l'auroboliata.
641 965 904 1049 Hierophantria.
934 964 991 1028 Hi.
1020 963 1205 1029 Coniuncti.
1235 963 1286 1026 Si-

167 1072 243 1133 mul.
273 1072 447 1135 Vixerunt.
477 1073 565 1136 Aun.
593 1071 672 1137 XL.
703 1068 802 1169 (eirca
824 1090 854 1131 a.
884 1090 918 1150 p.
944 1067 1026 1132 Chr.
1050 1067 1124 1130 380.
1150 1066 1289 1138 Antbol.

166 1174 210 1236 L.
234 1174 266 1237 lt.
291 1174 380 1252 sol.)
1282 1179 1286 1184 '

561 1313 595 1378 A
615 1313 743 1376 dextro
764 1315 890 1376 lateres

292 1443 446 1521 Paulina,
474 1441 541 1507 veri
564 1455 595 1507 ct
617 1443 767 1506 castitatis
790 1441 935 1517 conscia,

249 1544 362 1609 Dieata
389 1544 513 1626 templis
536 1557 629 1629 atque
652 1545 751 1609 anrica
773 1545 953 1621 numinum,

250 1647 318 1710 Sibi
342 1647 486 1709 maritmn
508 1649 712 1729 praeferens,
738 1651 873 1712 Romam
897 1648 986 1725 viro,

251 1751 401 1827 Pudens,
426 1750 544 1830 fidelis,
567 1772 645 1832 pura
669 1763 772 1814 niente
794 1761 825 1812 et
848 1771 1008 1833 corpore,

251 1853 396 1937 Benigna
419 1851 556 1929 cannetis,
581 1852 666 1915 utilis
690 1852 878 1918 Penatibus.

551 1995 586 2059 A
606 1991 749 2057 sinistro
770 1995 895 2056 latere:

292 2121 444 2200 Paulina,
470 2123 571 2187 nostri
593 2123 735 2206 pectoris
758 2123 927 2192 consortio.

250 2226 369 2288 Fomcs
391 2227 543 2306 pudoris,
567 2227 719 2290 eastitatis
745 2226 925 2302 vinculum,ยน
988 2218 990 2222 ยน

249 2328 417 2411 Amorque
439 2350 539 2410 purus
561 2339 593 2391 et
613 2330 693 2391 fides
716 2329 807 2392 caelo
833 2340 925 2408 sata,'

249 2430 376 2492 Arcana
401 2431 511 2493 mentis
534 2430 585 2503 eni
605 2430 731 2493 reclusa
755 2431 890 2507 credidi,

251 2532 373 2593 Munus
396 2532 547 2607 deorum,
573 2532 625 2615 qrri
649 2532 821 2595 tenacitatem
845 2543 951 2596 torum

250 2635 391 2696 Nectum
414 2633 520 2697 aulicis
543 2645 576 2696 et
596 2626 717 2719 pudicis
741 2634 888 2699 nexibus.

253 2735 379 2799 Pietate
402 2737 528 2813 matris,
553 2736 714 2822 coniugali
737 2738 860 2822 gratia,

250 2840 346 2901 Nexu
368 2838 512 2916 sororis,
537 2839 619 2902 tiliae
642 2840 816 2917 modestia,

251 2943 314 3014 Et,
339 2952 455 3022 quanta
478 2942 585 3004 amicis
606 2941 768 3025 iungimur
791 2944 924 3023 lidricia,

250 3043 375 3108 Aetatis
399 3065 455 3106 usu
478 3046 687 3108 consecrandi
707 3046 858 3110 foedere:

251 3146 342 3230 lugi,
366 3146 470 3221 lideli,
495 3145 631 3229 simplici
654 3148 845 3226 eoncordia,

250 3251 366 3323 limans
389 3249 554 3328 maritum,
580 3249 730 3334 diligens,
754 3272 887 3328 ornans,
912 3252 1031 3321 colens.

562 3393 604 3455 ln
622 3389 759 3472 postica
775 3402 896 3474 parte:

294 3518 455 3601 Splendor
477 3531 642 3602 pareutum
667 3520 711 3583 nil
734 3519 808 3583 mibi
830 3520 928 3584 maius
952 3521 1051 3594 dedit,

252 3622 353 3707 Quam
378 3625 466 3706 quod
488 3622 603 3685 marito
625 3614 721 3706 iligna
743 3622 803 3684 iam
828 3635 892 3685 tum
917 3622 981 3685 visa
1005 3622 1090 3699 suin.

251 3727 316 3789 Sed
337 3726 440 3787 litoreo
464 3745 556 3787 ouane
579 3725 631 3788 vel
653 3728 769 3799 deeris,
793 3746 907 3788 norraen
933 3724 1011 3801 viri,
1246 3731 1288 3789 90

251 3827 379 3910 Agori,
402 3827 543 3906 superbo
567 3825 622 3907 qui
642 3837 767 3889 creatus
790 3829 951 3911 germine,
1059 3870 1062 3877 -

252 3925 418 4002 Patriam,
443 3929 591 3989 Senatum
614 3927 847 4013 coniugemque
868 3930 1033 3993 inluminas

252 4030 420 4095 Probitate
443 4030 575 4105 meotis,
600 4030 762 4109 moribus,
785 4032 897 4095 studiis
918 4032 1030 4108 sirnul3

253 4131 392 4194 Virtutis
414 4131 534 4213 apicem
559 4131 614 4217 qui
635 4152 817 4213 supremum
840 4147 970 4199 nanctus
993 4158 1042 4212 es,

254 4238 305 4299 'l'u
328 4256 485 4321 namque,
509 4234 663 4319 quidquid
683 4233 791 4321 linguas
814 4248 947 4322 utraque
969 4251 1017 4303 est
1038 4239 1200 4322 proditum
1246 4242 1287 4305 25
