2782 4762
127 329 273 406 Nubila,
296 329 362 405 sol,
384 327 521 403 imbres,
543 323 616 400 nix,
641 320 763 399 ventei,
785 320 940 396 fulmina,
964 323 1090 407 grando

129 436 175 497 Et
198 431 323 517 rapidei
340 430 488 495 fremitus
507 440 539 493 et
559 447 720 490 nrurmura
739 446 854 510 magna
874 424 1045 489 minarum.

195 538 227 603 Ο
247 556 347 621 genus
365 532 479 597 infelix
497 532 685 594 humanum!
708 526 785 592 talia
807 524 891 591 divis

129 642 239 721 Quom
260 636 374 701 tribuit
391 636 476 700 facta
501 644 594 720 atque
617 632 681 696 iras
704 629 848 699 adiunxit
870 632 1023 695 acerbasz

129 744 278 825 Quantos
298 752 363 804 tum
384 735 521 823 gemitus
541 735 623 820 ipsei
645 733 709 799 sibi
727 745 910 820 quantaque
931 732 1026 799 nobis
1169 738 1250 803 1195

128 845 295 920 Volnera,
318 864 397 928 quas
418 842 576 905 lacrumas
596 859 754 923 peperere
775 837 946 903 minoribu¹
969 838 1105 903 nostris!

194 951 266 1012 Nee
287 946 388 1030 pietas
409 946 502 1009 ullast
525 943 663 1008 velatum
683 963 778 1023 saepe
800 939 904 1004 videri

128 1050 269 1117 Vortier
291 1053 331 1113 ad
351 1048 490 1132 lapidem
508 1058 604 1131 atque
625 1044 747 1109 omneis
765 1049 920 1110 accedere
940 1050 979 1109 ad
999 1068 1090 1121 aras3

129 1159 203 1219 Nec
219 1156 435 1236 procumbere
456 1149 542 1213 humi
566 1159 763 1231 prostratum
787 1158 819 1211 et
840 1152 982 1230 pandere
1000 1149 1122 1232 palmas

130 1261 216 1322 Ante
237 1261 329 1321 dedm
349 1257 483 1321 delubra
502 1275 604 1338 neque
627 1274 698 1316 aras
719 1250 872 1336 sanguine
896 1252 994 1315 multo
1168 1253 1251 1316 1200

130 1365 294 1446 Spargere
315 1362 556 1444 quadrupedum
577 1378 637 1419 nee
658 1353 746 1420 votis
766 1365 895 1420 nectere
919 1366 1014 1431 vota;

130 1467 196 1528 Sed
219 1485 309 1546 mage
328 1461 454 1545 placata
476 1482 573 1544 posse
595 1459 702 1523 numia
726 1469 829 1522 mente
852 1458 948 1522 tueri.

129 1566 232 1642 Nam,
254 1587 352 1650 quom
374 1562 567 1647 suspicimus
585 1560 692 1648 magni
715 1561 863 1626 caelestia
886 1561 993 1627 mundi

131 1667 267 1750 Templa
285 1689 381 1750 super
399 1665 565 1751 stellisque
585 1664 774 1729 micantibus
796 1667 926 1728 aethera
947 1666 1047 1729 lixum

130 1775 174 1836 Et
199 1770 283 1835 veuit
305 1770 338 1833 in
360 1780 493 1834 mentem
515 1767 593 1833 solis
620 1769 774 1854 lunaeque
796 1767 934 1843 viarum,
1168 1770 1249 1834 1205

131 1877 226 1938 Tune
245 1873 316 1936 aliis
342 1893 495 1956 oppressa
519 1871 609 1934 malis
630 1871 662 1934 in
683 1883 816 1954 pectore
840 1893 917 1934 eura

131 1977 207 2042 Olla
230 1998 360 2062 quoque
383 1975 646 2060 expergefactum
673 1985 768 2056 caput
790 1973 916 2058 erigere
941 1973 1027 2051 infit,

131 2083 181 2143 Ne
203 2102 284 2165 quae
306 2079 395 2144 forte
416 2082 510 2142 detlm
532 2078 627 2143 nobis
646 2075 796 2141 immensa
820 2087 964 2160 potestas

130 2182 196 2259 sit,
221 2181 313 2247 vario
335 2193 425 2247 motu
444 2202 525 2266 quae
546 2180 679 2244 candida
700 2180 807 2246 sidera
826 2192 951 2246 vorset.

131 2289 249 2350 Tentat
268 2285 351 2350 enim
372 2284 500 2349 dubiam
522 2295 656 2348 mentem
677 2283 811 2350 rationis
833 2295 974 2369 egestas,
1168 2286 1250 2349 1210
1277 2270 1280 2275 ’

130 2391 338 2474 Ecquaenam
357 2388 457 2452 fuerit
479 2387 586 2452 mundi
610 2387 756 2474 genitalis
781 2387 899 2473 origo;

130 2494 175 2556 Et
196 2491 306 2568 simul,
329 2514 449 2576 ecquae
472 2491 513 2555 sit
534 2490 623 2567 finis,
647 2494 756 2577 quoad
777 2489 903 2556 moenia
926 2492 1035 2554 mundi

130 2597 176 2659 Et
197 2593 277 2658 tanti
301 2607 405 2660 motus
424 2598 509 2659 huuc
529 2594 655 2677 possint
675 2595 763 2659 ferre
785 2595 950 2659 laborem:

131 2699 200 2772 An,
225 2696 376 2761 divinitus
397 2710 526 2762 aeterna
547 2701 664 2762 donata
685 2699 785 2762 salute

130 2804 297 2883 Perpetuo
318 2801 447 2883 possint
469 2799 541 2865 aevi
563 2799 702 2863 labentia
721 2813 827 2864 tractu

130 2902 282 2968 lmmeusi
303 2903 423 2966 validas
442 2901 512 2968 aevi
532 2915 737 2969 contemnere
756 2903 866 2968 vireis.

195 3009 386 3084 Praeterea,
410 3005 489 3093 quoi
509 3029 575 3071 non
599 3005 720 3070 animus
742 3006 916 3072 formidine
938 3008 1047 3072 divom

131 3231 185 3273 ullu
205 3235 243 3273 eat
260 3230 367 3273 uelatum
385 3228 432 3286 (sie
445 3230 473 3273 C.
486 3228 529 3287 Ε.)
547 3231 637 3274 alm-ll.
656 3232 696 3278 W.
719 3252 751 3263 -
770 3232 828 3285 (ulli
843 3233 948 3275 uelatum
959 3237 997 3275 est
1008 3232 1061 3283 W.)
1100 3229 1175 3276 1198.
1197 3247 1249 3275 vor·

129 3301 180 3343 tier
199 3301 297 3354 proprio
315 3298 464 3358 significatu,
485 3297 743 3368 περιστρέφεσθαι.
763 3302 815 3346 cfr.
830 3305 930 3347 Sueten.
943 3303 993 3345 vu.
1006 3299 1030 3348 2.
1046 3302 1146 3358 primus
1156 3298 1249 3345 C.Cne-

130 3383 218 3414 eurem
242 3369 348 3413 udoruri
372 3376 397 3413 ut
420 3369 493 3413 derum
512 3371 634 3424 instituit,
667 3385 740 3429 quum
761 3397 771 3406 -
790 3398 798 3407 -
817 3386 867 3416 noa
885 3373 961 3415 aliter
978 3370 1051 3416 odire
1070 3386 1148 3416 nunus
1167 3377 1247 3425 esset,

130 3453 205 3499 quum
223 3440 304 3496 cupite
324 3441 403 3483 seluto
421 3442 662 3498 circrunvcrtenspue
681 3455 722 3492 se,
743 3440 831 3484 deinde
848 3440 1023 3498 procumbens.
1064 3439 1138 3485 12112.
1155 3448 1249 3497 pucutn

130 3513 161 3554 C.
176 3510 205 3553 1..
217 3510 246 3553 ll.
293 3507 367 3554 120⁶.
386 3517 486 3565 pectore
499 3511 566 3554 lirin.
581 3511 701 3554 rim-Hau.
717 3512 791 3558 Forb.
810 3537 843 3545 -
858 3517 963 3569 pectora
979 3513 1038 3555 Cdd.
1051 3512 1107 3568 aliq.
1123 3509 1206 3567 (etiam
1220 3511 1249 3557 C.

130 3579 174 3634 E.)
202 3581 262 3624 Ver.
294 3582 355 3626 Veu.
379 3581 421 3623 W.
447 3580 539 3624 Eichst.
574 3581 752 3625 construetione
778 3586 802 3626 et
829 3581 1003 3640 significatione
1029 3581 1102 3625 nituis
1130 3584 1249 3623 contorta.

134 3647 210 3695 1208.
229 3649 267 3696 Ne
288 3664 350 3708 paene
373 3650 448 3698 codd.
468 3650 528 3694 Edd.
544 3655 600 3694 vett.
619 3652 661 3694 W.
679 3651 820 3706 verissime,
840 3654 862 3695 in
879 3652 1013 3695 huiusmodi
1031 3650 1177 3693 dubitatione
1197 3662 1250 3691 cum

131 3717 544 3779 pavoremixta.Cfr·.r.1223.-·
564 3718 815 3779 thuueCd.C.As.
838 3745 868 3755 —
887 3720 988 3780 Ecquns
1005 3720 1042 3764 Pii
1057 3718 1249 3765 Codanum.

131 3791 224 3837 Eichst.
282 3787 344 3833 1211
361 3795 384 3834 et
398 3787 473 3834 1212.
500 3791 543 3834 llic
564 3797 648 3834 eontra
669 3792 699 3835 A.
717 3791 746 3835 L.
765 3792 795 3835 H.
816 3792 907 3835 Eichst.
931 3794 1027 3835 secutus
1047 3802 1114 3840 snm,
1143 3788 1252 3832 scribens

130 3862 292 3920 Ecpunenum
304 3885 312 3894 -
323 3885 332 3894 ·
343 3874 442 3918 ecquae.
457 3861 532 3904 Codd.
541 3859 602 3905 Edd.
611 3867 668 3906 vett.
681 3862 720 3904 W.
735 3860 767 3906 Et
778 3875 900 3920 quasnam
915 3887 923 3896 ·
938 3885 947 3895 ·
960 3865 1061 3917 etquns.
1102 3855 1177 3902 1213.
1190 3859 1254 3902 tanti

130 3931 193 3980 Brit.
209 3929 233 3974 2.
248 3931 293 3973 Ar.
310 3929 339 3973 L.
355 3930 385 3976 H.
405 3955 439 3965 -
462 3929 534 3975 taciti
550 3931 621 3976 C.E.
640 3933 732 3988 Pleriq.
750 3932 810 3975 Cdd.
829 3933 871 3975 W.
891 3931 982 3974 Eichst.
1008 3930 1054 3973 Sed
1072 3929 1141 3973 huius
1155 3929 1251 3985 epitheti

130 4003 251 4051 rationem
275 4001 314 4045 rix
339 4002 464 4060 quisquam
482 4005 547 4046 recte
572 4002 692 4057 explicare
712 4003 808 4056 poterit.
847 4000 937 4043 Contra
963 4000 1041 4053 tanti,
1072 4004 1120 4042 tam
1145 4001 1253 4058 ingentes

130 4078 211 4122 motus
229 4066 284 4121 τοῦ
302 4066 415 4132 παντὸς
432 4086 475 4127 per
494 4087 519 4118 se
538 4071 711 4131 intelliguntur.
749 4072 821 4115 Peius
835 4071 906 4114 etiam
920 4075 970 4123 est,
991 4071 1052 4128 qnod
1069 4071 1143 4115 Wak.
1155 4071 1252 4114 stitus·

131 4145 196 4194 butio
216 4143 304 4200 placuit
323 4142 355 4187 Et
372 4143 444 4188 taciti
461 4139 557 4194 mattis,
577 4143 642 4195 μ1111
660 4144 740 4201 lunge
755 4140 795 4185 die
814 4138 923 4184 llInusrn
940 4139 985 4185 dee
1006 4139 1137 4185 Waltbnus
1155 4140 1253 4184 linum

130 4218 172 4264 dis
190 4213 252 4258 Luat
270 4220 412 4274 nustrugen
430 4211 494 4257 nuelt
520 4212 606 4257 dieser
629 4225 658 4257 so
681 4211 766 4254 stillen
791 4207 963 4270 Bewegung.''
1008 4210 1103 4256 Etenim
1127 4208 1160 4255 Et
1179 4208 1251 4254 taciti

130 4292 213 4333 motus
233 4297 352 4341 uunquam
371 4285 452 4330 dicere
470 4288 566 4340 poterat
583 4295 627 4337 pro
646 4280 734 4337 „huius
754 4281 903 4339 quantumvis
922 4280 986 4326 taciti
1006 4279 1114 4328 motus.”
