2782 4762
181 170 243 258 356

188 349 319 433 lncipe,
343 353 415 414 dum
439 349 549 413 salices
571 349 680 425 haedi,
704 351 776 412 dum
801 346 944 432 gratuina
970 369 1085 412 vaceae

186 452 371 517 Detondent
394 451 552 536 viridique
575 473 689 535 greges
712 451 899 533 permittere
923 452 1046 533 eampo

186 556 230 617 Et
253 576 309 617 ros
332 565 364 617 et
385 555 479 636 primi
501 556 611 616 suadet
634 554 797 616 clementia
820 553 910 617 solis.
1218 624 1223 634 ἱ

185 660 257 722 Tit.
302 659 375 720 Hos
397 675 496 719 annos
519 677 692 738 canamque
715 678 835 730 meam,
861 655 936 717 mibi
959 676 1048 732 care,
1074 668 1233 718 senectam

186 763 237 823 Tu
260 758 384 822 iuvenis
406 779 564 842 carusque
586 759 653 821 deis
673 759 705 820 in
729 760 866 821 carmina
890 758 1006 843 cogis?
1273 761 1316 821 10

185 861 335 925 Viximus
358 872 389 923 et
413 860 540 922 calamis
564 882 676 924 vorsus
699 862 897 923 cantavimus
921 862 1016 937 olim,

162 965 266 1037 ‚Dum
290 985 401 1027 secura
425 964 539 1026 hilares
563 976 647 1036 aetas
670 965 798 1026 ludebat
822 985 963 1027 amores.

183 1069 277 1129 Nunc
299 1066 402 1128 album
427 1077 523 1150 capnt
546 1076 577 1128 et
601 1086 740 1132 veneres.
757 1078 888 1148 tepuere
911 1069 970 1127 sub
994 1065 1102 1129 annis:

182 1168 249 1230 Iam
274 1189 340 1230 mea
363 1167 525 1230 ruricolae
548 1169 703 1255 dependet
725 1154 829 1231 fistula
854 1169 979 1231 Fauno.

183 1270 231 1332 Te
255 1293 338 1333 nune
359 1291 434 1333 rura
458 1282 595 1343 sonant:
622 1268 723 1351 nuper
746 1291 815 1332 nam
839 1273 977 1334 carmine
1002 1271 1106 1334 vielor
1265 1274 1307 1334 15

182 1371 294 1434 Risisti
316 1373 454 1450 calamos
478 1384 509 1436 et
531 1373 658 1435 dissona
682 1372 807 1436 flamina
832 1373 963 1454 Mopsi,
1000 1436 1003 1441 ,
1096 1366 1100 1374 ’

181 1473 291 1536 Iudice
315 1496 377 1537 me.
422 1476 554 1538 Mecum
577 1476 685 1539 senior
708 1476 893 1538 Meliboeus
918 1486 1088 1556 utrumque

180 1577 338 1639 Audierat
360 1578 530 1659 laudesque
553 1589 622 1656 tuas
645 1578 781 1641 sublime
802 1561 959 1650 ferebat}

181 1678 283 1758 Quem
306 1701 391 1742 nune
413 1680 560 1743 emeritae
582 1702 782 1761 permensum
806 1694 951 1761 tempora
975 1679 1059 1742 vitae

180 1781 303 1844 Set-reti
325 1803 400 1864 pars
423 1782 512 1846 orbis
535 1785 629 1851 habet
652 1787 850 1867 mundusque
872 1784 1017 1864 piorum.

180 1885 288 1961 Quare
311 1905 387 1967 age,
412 1885 438 1948 si
461 1909 521 1970 qua
546 1885 604 1948 tibi
627 1886 783 1949 Meliboei
808 1868 924 1969 gratia
938 1885 1037 1962 vivit,

178 1986 274 2048 Dicat
295 1988 473 2051 honoratos
496 1988 675 2069 praedulcis
698 1987 776 2050 tibia
800 2009 918 2052 manes.
987 1999 990 2005 '

178 2089 272 2153 Tim.
312 2089 356 2152 Et
377 2110 493 2170 parere
515 2094 605 2165 decet
628 2091 718 2153 iussis
741 2103 771 2153 et
794 2103 885 2174 grata
907 2091 1077 2154 iubemur:

98 2277 100 2282 Ι
178 2193 325 2275 Namque
346 2190 407 2254 fuit
429 2183 545 2276 diguus
568 2184 691 2269 senior,
716 2215 809 2277 quem
832 2194 971 2260 carmine
996 2195 1168 2267 Pboebus,

176 2293 247 2354 Pan
270 2292 398 2355 calamis
420 2294 599 2377 fidibusque
622 2295 740 2372 Linus,
768 2295 980 2358 modulatibus
1003 2296 1155 2376 Orpbeus
1265 2295 1307 2359 25

178 2392 397 2458 Concinerent
419 2408 515 2479 atque
538 2409 606 2459 aeta
629 2397 691 2459 viri
713 2398 885 2483 laudesque
907 2409 1071 2460 sonarent.

73 2502 75 2506 '
179 2498 244 2559 Sed
266 2495 339 2580 quia
362 2509 396 2560 tu
416 2487 548 2560 nostrae
572 2500 702 2561 Musam
725 2499 873 2582 deposcis
896 2520 1033 2573 avenae,

176 2599 319 2682 Aceipc,
345 2622 425 2685 qnae
447 2622 544 2684 super
566 2601 629 2666 hoc
652 2614 813 2677 cerasus,
834 2623 928 2686 quam
959 2599 1062 2663 eernis
1093 2601 1131 2662 ad
1155 2619 1304 2674 amnem,
1340 2667 1342 2670 ,

177 2701 349 2778 Continet,
373 2701 474 2767 inciso
498 2725 629 2767 servans
654 2724 720 2765 mea
744 2703 883 2767 earmina
908 2703 1006 2766 libro.

176 2805 249 2868 Tit.
293 2805 374 2883 Die,
398 2827 478 2890 age;
502 2811 558 2870 sed
580 2807 672 2870 nobis
696 2828 736 2870 ne
758 2817 857 2870 vento
882 2808 1010 2890 garrula
1034 2803 1126 2886 pinus
1260 2804 1303 2867 30

175 2908 372 2990 Obstrepat,
396 2910 454 2972 has
477 2909 580 2973 ulmos
604 2910 710 2990 polius
733 2909 893 2992 sagosque
916 2918 1072 2989 petamus.
1097 2941 1138 2953 -

175 3011 268 3075 Tim.
312 3013 377 3074 Hie
398 3023 527 3074 cantare
550 3012 651 3074 libeta
677 3010 794 3074 virides
817 3031 887 3071 nam
911 3008 1038 3071 subiicit
1061 3009 1178 3070 herbas

175 3113 290 3177 Mollis
313 3135 392 3197 ager
413 3114 540 3196 lateque
562 3124 648 3176 tacet
669 3134 778 3176 nemus
802 3133 913 3186 omne;
938 3111 1059 3195 quieti,

173 3215 314 3296 Aspice,
340 3225 373 3276 ut
396 3219 489 3279 ecee!
515 3216 630 3296 procul
653 3217 835 3301 decerpant.
850 3215 992 3298 gramina
1017 3210 1132 3278 tauri.

217 3316 429 3399 Omniparens
451 3318 575 3380 Aether
598 3328 648 3392 et,
673 3337 780 3379 rerum
803 3336 915 3391 eausa,
939 3313 1123 3396 Liquores,
1260 3315 1303 3378 35

170 3416 334 3500 Corporis
356 3429 388 3482 et
409 3417 574 3503 genetrix,
601 3419 731 3493 Tellus,
757 3416 861 3481 vitalis
884 3427 917 3478 et
940 3417 1033 3490 Ae‘r,

172 3520 320 3603 Accipite
342 3522 402 3585 hos
425 3523 564 3585 calamos
588 3532 683 3604 atque
706 3522 784 3582 haec
806 3528 920 3582 nostro
944 3516 1114 3580 Meliboee

172 3622 311 3702 Mittite,
334 3624 361 3685 si
383 3624 498 3687 sentire
521 3626 615 3686 datur
637 3622 799 3703 postlata
822 3619 951 3705 quietis.

171 3724 254 3786 Nam
276 3724 302 3787 si
324 3725 473 3788 sublimes
496 3726 618 3787 animae
642 3724 788 3787 caelestia
811 3721 928 3803 templa

170 3826 378 3910 Sidereasque
401 3829 510 3890 colunt
531 3830 623 3889 sedes
646 3827 828 3908 mundoque
850 3825 1023 3899 srrmntur,
1257 3812 1300 3885 to

170 3928 221 3989 Tu
243 3941 374 3992 nostros
396 3932 528 3992 adverte
551 3931 681 4002 modos,
707 3947 787 4011 quos
810 3927 878 4009 ipse
904 3926 1045 4008 benigno

169 4029 310 4093 Pectore
332 4031 463 4106 fovisti,
489 4052 570 4114 quos
594 4042 648 4106 tu,
673 4028 857 4104 Meliboee,
882 4026 1039 4109 probasti.

170 4134 286 4215 Longa
310 4132 367 4195 tibi
389 4133 573 4216 cunctisque
596 4133 650 4195 diu
672 4141 816 4213 spectata
838 4142 984 4193 senectus

167 4234 355 4318 Felicesque
378 4235 451 4298 anni
474 4234 638 4317 nostrique
661 4231 854 4298 novissimus
877 4233 950 4296 aevi
1035 4286 1037 4291 .
