2782 4762
165 208 231 274 278

417 363 564 434 euax,
600 360 781 429 nannum.
814 325 874 443 (n.
900 361 932 427 a.
955 361 1025 443 aa.)

166 476 362 562 Eutrapelus
383 487 497 541 tonsor
519 478 592 541 dam
616 475 729 539 circuit
751 495 809 542 ora
835 475 979 557 Luperci

230 579 450 666 Expingitque
473 599 591 665 genas,
615 578 715 642 altera
739 579 840 643 barba
865 577 965 645 nulrit.

166 741 332 806 aum.
374 736 583 803 Memoriae.
613 739 672 802 aa.
702 735 853 801 amaea.
875 739 933 802 M.
956 738 992 800 u
1017 696 1176 820 Nepotis.
1201 739 1290 802 sex.

416 848 629 916 Onuaieuus.
664 847 815 929 (Antbol.
837 849 883 912 L.
907 848 939 912 4.
965 847 1033 928 ld.)

168 963 274 1043 Quaem
296 972 496 1045 praematura
519 970 646 1044 raptum
669 959 744 1025 mibi
766 970 870 1024 morte
892 971 1040 1044 nepotem

234 1066 379 1141 Flerem,
404 1065 580 1128 Parcarum
602 1062 708 1148 putria
733 1061 787 1127 fila
813 1083 973 1147 querens,

168 1168 213 1234 Et
236 1186 396 1250 gemerem
416 1164 500 1229 tristi
521 1168 698 1229 damnatam
720 1177 809 1230 sorte
833 1163 994 1243 iuventam

231 1271 452 1353 Versaretque
473 1289 578 1334 novus
600 1267 723 1333 viscera
745 1278 821 1341 tota=
836 1265 952 1343 dolora

168 1370 227 1435 Me
248 1370 443 1447 desolatum,
467 1392 517 1434 me
541 1372 701 1435 desertum
722 1391 761 1435 ae
780 1367 952 1454 spoliatum

233 1472 432 1552 Clamarem,
454 1471 554 1556 largis
576 1492 651 1536 saxa
676 1492 808 1536 movens
832 1470 991 1546 lacrimis3

47 1592 50 1597 ’
167 1576 293 1640 Exacta
315 1592 420 1657 prope
441 1585 554 1649 noete,
580 1595 656 1638 auron
680 1595 776 1658 quom
800 1572 935 1637 Lucifer
956 1573 1048 1657 ignes

232 1678 410 1761 spargeret
431 1688 463 1740 et
484 1675 610 1740 volucri
632 1674 778 1740 roscidus
801 1675 862 1739 iret
885 1696 989 1762 equo,

168 1775 248 1844 Vidi
269 1779 398 1844 sidereo
419 1778 593 1844 radiantem
615 1777 732 1842 lumine
753 1777 889 1843 formam

232 1881 376 1944 Aethere
398 1878 520 1945 delabi:
544 1900 608 1943 non
629 1878 690 1943 luit
710 1879 764 1944 illa
788 1879 898 1964 quies,

170 1984 232 2048 Sed
255 2003 352 2049 verus
373 1981 479 2047 iuveni
503 1982 597 2047 eolor'
620 1993 789 2058 stannus,
815 1991 846 2045 at
867 1992 967 2045 status
990 1980 1059 2064 ipso

233 2085 345 2150 Maior
366 2095 435 2150 erat
455 2095 532 2149 nota
555 2083 706 2167 eorporis
727 2083 840 2168 effigie.

168 2187 331 2252 Ardentes
352 2187 521 2252 oculoraun
543 2188 641 2253 orbes
663 2187 880 2271 humerosque
902 2183 1037 2250 nitentes
1132 2221 1134 2226 .

234 2289 414 2354 Ostendens
435 2309 534 2354 roseo
556 2287 693 2354 reddidit
716 2309 774 2354 ore
795 2303 930 2353 annosa.

169 2390 318 2466 „Adlluis
340 2391 560 2459 memorande!
584 2391 662 2475 quta
683 2411 704 2456 o
728 2412 776 2454 me
799 2393 840 2455 ad
859 2390 963 2454 sidera
983 2387 1063 2456 caeli

234 2491 387 2556 Ablatum
411 2491 580 2576 quereris?
603 2491 710 2573 desine
734 2493 814 2558 llere
838 2495 946 2576 deum.

170 2597 223 2662 Ne
244 2595 344 2678 pietas
367 2593 480 2679 ignara
498 2616 634 2678 superna
655 2597 729 2660 sede
751 2606 919 2678 receptum

233 2700 365 2782 Lugeat
387 2708 419 2762 et
440 2699 544 2763 laedat
564 2696 682 2763 lumina
706 2697 847 2764 tristitia.

171 2800 248 2866 Non
271 2822 333 2884 ego
357 2801 531 2864 Tartareas
552 2803 730 2883 penetrabo
754 2801 855 2864 tristis
876 2803 918 2865 ad
938 2804 1085 2881 umbras,

212 2904 310 2970 „Non
333 2901 549 2967 Acheronteis
570 2904 761 2967 transvehor
783 2905 895 2973 umbra
918 2904 1022 2968 vadia.

171 3007 248 3072 Non
271 3026 334 3088 ego
355 3004 532 3068 caeruleam
553 3026 643 3070 remo
665 3006 801 3087 pulsabo
824 3005 984 3080 carinam,

235 3108 305 3171 Nec
327 3118 358 3168 te
379 3105 556 3172 terribilem
577 3107 685 3172 fronte
707 3109 848 3182 timebo,
874 3106 1021 3185 Charon.

171 3209 243 3275 Nee
264 3207 375 3272 Minos
398 3207 474 3273 mihi
495 3209 565 3273 iura
583 3210 670 3273 dabit
688 3213 888 3293 grandaevus
909 3220 941 3274 et
962 3208 1040 3274 atria

236 3312 312 3373 Non
335 3310 454 3389 errabo
476 3309 558 3376 locis
580 3333 640 3377 nec
658 3312 838 3378 cohibebor
860 3311 964 3396 aquis.

172 3413 297 3496 Surge,
319 3413 406 3476 refer
429 3413 541 3491 matri,
566 3435 606 3480 ne
629 3436 678 3482 me
702 3426 876 3500 noctesque
894 3414 1024 3499 diesque

236 3516 379 3604 Defleat,
405 3509 440 3579 ut
462 3518 605 3581 maerens
629 3515 738 3580 Attica
759 3528 859 3580 mater
879 3517 967 3598 Ityn.
1063 3508 1066 3516 ’

172 3616 254 3683 Nam
279 3639 328 3680 me
352 3630 459 3681 sancta
481 3618 595 3682 Venus
617 3621 708 3682 sedes
732 3641 797 3684 non
818 3640 913 3683 nosse
935 3617 1082 3684 silentum

237 3716 335 3787 Iussit
357 3730 388 3784 et
406 3719 444 3786 'in
465 3720 545 3786 caeli
565 3720 669 3787 lucida
692 3722 809 3804 templa
829 3721 934 3788 tulit.”

243 3939 364 3987 LXXXI.
403 3937 444 3985 ts.
474 3939 573 3986 lumino
601 3942 663 3996 lapis
689 3943 752 3998 lpse.
776 3941 805 3992 tt.
827 3959 863 3977 -
879 3941 985 3987 aeramina
1011 3941 1088 3999 prima
1118 3941 1216 3986 Grutert
1247 3940 1293 3984 Ed.

174 4006 216 4054 19.
236 4009 318 4054 tristia
341 4008 376 4055 ud
395 4009 498 4056 umbros
517 4011 576 4065 lapis
595 4016 654 4055 teste
673 4010 798 4059 Fabretto.
816 4008 980 4056 Emendarunt
998 4009 1088 4056 under.
1127 4008 1169 4058 2¹.
1186 4010 1295 4069 paalaobo

173 4091 203 4124 ex
220 4091 298 4138 nrarg.
318 4078 389 4124 Grut.
409 4079 512 4125 ealredo
530 4080 558 4124 tt.
607 4081 673 4140 Quae
691 4079 759 4126 neela
776 4079 870 4131 joelaaa
887 4080 971 4136 videa,
992 4075 1077 4136 partim
1096 4095 1110 4125 a
1128 4094 1187 4132 ma,
1208 4080 1295 4134 partim

177 4147 207 4190 ab
226 4149 280 4191 attis
299 4153 353 4192 snut
371 4150 478 4204 suppleta
496 4163 519 4195 v.
540 4145 583 4194 37.
602 4149 650 4195 Atti
666 4149 741 4197 lauro
759 4147 880 4195 redimire
897 4151 1014 4209 capillos.
1044 4151 1104 4199 ‚Sed
1120 4150 1199 4195 mirans
1219 4151 1296 4204 ptaret

172 4209 350 4270 ἀσύνδετον.
370 4219 432 4277 qnod
450 4218 503 4265 iuda
521 4219 599 4263 oritur
609 4249 616 4272 ,
636 4224 660 4264 at
677 4217 766 4274 captata·
783 4219 856 4263 innoti
875 4233 928 4268 curn
946 4220 1027 4268 erius·
1071 4219 1196 4267 lananerito
1215 4223 1295 4266 autem

171 4287 321 4332 Schradarua
340 4287 369 4336 da
387 4287 456 4333 lanius
475 4288 588 4337 carminis
606 4287 746 4348 antiquitate
763 4287 889 4336 dubitavit.
