2782 4762
98 334 303 422 Contingunt
324 334 425 401 mellis
450 333 536 401 dulci
557 333 708 421 flavoque
729 332 878 421 liquore,

98 443 143 506 Ut
162 459 339 523 puerorum
358 449 444 502 aetas
461 435 646 521 improvida
668 434 852 502 ludificetur

97 543 285 613 Labrorum
307 551 416 618 tenus;
437 539 558 604 interea
576 550 729 623 perpotet
750 561 890 603 amarum

99 642 253 708 Absinthi
276 641 403 707 laticem
427 645 623 729 deceptaque
645 663 712 707 non
736 640 898 724 capiatur,

99 747 164 810 Sed
185 743 294 828 potius
316 743 373 808 tali
392 754 511 807 attactu
531 755 676 808 recreata
700 743 859 808 valescat:

100 847 156 911 Sic
177 869 241 932 ego
263 868 366 922 nunc,
389 845 539 933 quoniam
558 848 638 910 baec
658 845 743 910 ratio
765 846 954 932 plerumque
976 845 1104 911 videtur

102 948 249 1014 Tristior
266 970 352 1024 esse,
375 948 491 1035 quibus
510 970 575 1012 non
597 960 645 1012 est
665 959 819 1023 tractata,
843 959 998 1035 retroque

100 1051 232 1136 Volgus
255 1053 411 1116 abhorret
433 1053 473 1114 ab
493 1052 573 1126 hac,
596 1044 686 1115 volui
704 1049 764 1113 tibi
783 1050 1020 1137 suaviloquenti
1179 1051 1220 1113 90

102 1153 254 1218 Carmine
271 1152 384 1219 Pierio
403 1153 560 1218 rationem
579 1173 744 1234 exponere
763 1164 907 1217 nostram

100 1257 146 1321 Et
169 1255 260 1343 quasi
284 1258 422 1322 Musaeo
446 1255 531 1320 dulci
554 1253 743 1340 contingere
769 1254 879 1331 melle;

102 1359 139 1423 Si
159 1359 221 1423 tibi
242 1359 330 1424 sorte
353 1360 490 1424 animum
509 1359 566 1423 tali
583 1358 709 1425 ratione
731 1372 840 1426 tenere

101 1461 262 1527 Versibus
283 1462 316 1526 in
338 1462 458 1527 nostris
476 1484 621 1546 possem,
645 1466 717 1527 dum
740 1462 882 1548 percipis
904 1486 1029 1531 omnem

101 1567 257 1630 Naturam
279 1587 387 1630 rerum
406 1587 445 1629 ac
464 1565 622 1649 persentis
642 1564 823 1632 utilitatem.
1180 1570 1220 1632 25

472 1756 552 1819 Lm.
568 1756 616 1819 V.
640 1777 674 1820 v.
693 1756 845 1820 1-235.
932 1741 936 1747 ’

166 1874 249 1956 Quis
269 1875 356 1960 potis
377 1888 426 1941 est
447 1875 578 1961 dignum
597 1877 733 1959 pollenti
752 1888 888 1960 pectore
912 1898 1039 1941 carmen

103 1976 256 2043 Condere
277 2000 339 2062 pro
359 2001 467 2044 rerum
490 1978 652 2043 maiestate
668 1979 782 2066 hisque
802 1977 967 2062 repertis?

101 2079 226 2162 Quisve
247 2081 333 2145 valet
357 2081 464 2145 verbis
487 2093 626 2159 tantum,
650 2081 706 2168 qui
727 2084 850 2167 lingere
869 2081 977 2146 laudes

102 2184 172 2248 Pro
196 2182 318 2246 meritis
340 2182 407 2248 eius
427 2184 547 2267 possit,
571 2182 629 2270 qui
647 2183 723 2249 talia
745 2183 840 2249 nobis

101 2286 245 2350 Pectore
262 2296 355 2367 parta
378 2307 437 2352 suo
457 2285 664 2372 quaesitaque
687 2285 829 2369 praemia
849 2285 969 2371 liquit?

100 2389 227 2464 Nemo,
251 2399 284 2450 ut
305 2387 441 2470 opinor,
464 2387 526 2452 erit
545 2387 674 2453 mortali
697 2409 839 2472 corpore
863 2399 983 2452 cretus.

100 2491 188 2554 Nam
211 2489 257 2567 si,
280 2501 314 2554 ut
331 2491 401 2573 ipsa
419 2489 501 2574 petit
523 2491 668 2555 maiestas
690 2491 821 2575 cognita
845 2512 970 2571 rerum,

74 2662 78 2670 ,
101 2591 285 2657 Dicundum
304 2602 376 2672 θεῖ,
393 2593 482 2658 Deus
496 2592 551 2656 ille
572 2593 650 2671 tuit,
672 2594 778 2671 Deus,
800 2591 919 2657 inclute
940 2591 1092 2669 Memmi,

103 2693 170 2776 Qui
191 2693 341 2778 princeps
366 2695 449 2760 vitae
469 2695 627 2760 rationem
648 2694 773 2760 invenit
793 2717 881 2772 eam,
904 2717 986 2780 qnae

101 2798 199 2862 Nunc
219 2797 398 2880 appellatur
419 2797 598 2882 Sapientia;
621 2796 742 2885 quique
763 2819 823 2882 per
844 2808 945 2862 artem

101 2898 272 2965 Fluctibus
295 2921 312 2964 e
334 2899 549 2975 tantis-vitam
572 2900 731 2987 tantisque
753 2900 895 2965 tenebris

101 3001 143 3066 In
162 3012 226 3065 tam
247 3002 424 3088 tranquillo
446 3014 478 3067 et
499 3013 564 3067 tam
585 3003 672 3066 clara
693 3004 764 3068 luce
783 3003 919 3068 locavit.

167 3101 294 3170 Confer
315 3105 399 3170 enim
422 3104 531 3170 divina
553 3104 690 3172 aliorum
713 3105 842 3193 antiqua
862 3117 1013 3190 reperta:

101 3209 251 3294 Namque
273 3207 374 3273 Ceres
395 3208 501 3272 fertur
522 3208 635 3294 fruges
657 3209 824 3295 Liberque
842 3208 980 3296 liquoris

102 3355 177 3400 Wak.
192 3356 249 3400 dicit
266 3367 331 3410 „pro
347 3356 445 3411 pulchra
460 3357 576 3401 varietate
594 3369 621 3401 se
642 3358 807 3413 amplexurum
827 3355 917 3412 fuisse,
943 3357 964 3400 si
982 3355 1037 3401 libri
1057 3357 1138 3412 plures
1156 3358 1222 3402 addi·

101 3426 221 3474 xiesentl'
253 3425 276 3469 Α
294 3439 342 3484 qno
360 3425 449 3470 iudicio
467 3440 546 3470 ancum
563 3439 648 3470 rursus
666 3427 767 3471 multum
784 3425 866 3473 distat.
923 3422 964 3471 13.
989 3424 1130 3484 Adspirant
1147 3427 1222 3484 Quin·

100 3490 184 3549 titt,
200 3491 230 3549 1,
250 3491 275 3539 4.
322 3492 365 3540 17.
384 3496 432 3539 tali
447 3509 465 3539 α
482 3501 550 3540 tuctu
567 3495 644 3541 Codd.
661 3497 736 3554 aliq,
760 3495 833 3541 etiam
849 3495 880 3539 Ε.
896 3495 958 3540 Edd.
972 3500 1033 3540 vett.
1048 3495 1094 3540 As.
1114 3518 1148 3530 -
1175 3496 1223 3540 tuli

101 3569 172 3609 tactu
183 3564 215 3609 A.
229 3563 259 3612 1..
270 3565 301 3608 fl.
320 3565 378 3621 (toli
388 3561 463 3622 sacto
478 3564 506 3620 1,
528 3562 587 3611 911.
607 3579 654 3623 quo
667 3566 712 3610 boc
724 3579 817 3623 quoqne
831 3566 884 3610 loco
897 3566 1003 3609 alludunt
1015 3565 1092 3609 Codd.
1107 3564 1222 3609 lectiones

101 3647 120 3676 a
131 3638 211 3687 tucio,
227 3632 343 3690 nuncto.)
363 3631 461 3692 [Recepi
481 3649 542 3680 nune
560 3635 699 3679 facillimam
717 3635 793 3680 For-b.
810 3635 1000 3679 emendationem
1013 3639 1107 3678 attactu
1119 3633 1222 3678 feliciter

100 3700 428 3763 firmatamaCd.meoC.]
478 3702 520 3748 tt.
536 3705 652 3762 percipie
664 3704 724 3749 Cdd.
740 3705 811 3748 etiarn
824 3704 968 3752 C.E.Ed‹l.
981 3707 1040 3748 vett.
1054 3703 1097 3746 W.
1108 3702 1138 3747 Ρ.
1161 3715 1223 3760 per·

101 3771 182 3829 apicis
197 3771 243 3816 Av.
260 3771 291 3816 1..
311 3773 341 3817 ll.
363 3777 387 3817 et
412 3771 441 3828 1,
466 3770 525 3818 948.
545 3775 597 3819 sine
618 3787 671 3818 var.
708 3773 842 3831 Utrobique
861 3779 940 3818 autem
958 3773 1022 3817 idern
1039 3773 1091 3817 sive
1105 3772 1222 3831 percipie

101 3841 229 3898 praefers,
249 3843 312 3899 quod
329 3842 406 3902 magis
424 3843 483 3887 mibi
501 3844 593 3899 placet,
613 3845 665 3888 siue
678 3843 810 3902 perspicia
827 3845 971 3900 ponendum.

519 3968 575 4014 Lis.
588 3971 621 4017 V.
640 3965 802 4014 v.1-235.
824 3935 826 3939 Α

154 4057 180 4105 2.
200 4059 237 4107 lta
249 4056 334 4103 bamb.
346 4071 358 4102 e
368 4058 447 4112 Mam,
461 4061 488 4100 nt
499 4057 541 4104 ait.
555 4080 589 4092 -
606 4057 795 4117 maiestatisque
807 4055 916 4114 repertis
928 4055 988 4101 Cdd.
996 4056 1100 4114 pleriq,
1113 4057 1220 4103 etiamC.

100 4129 211 4176 attan.
232 4131 291 4173 vett.
324 4148 354 4160 -
382 4126 525 4172 monetatis
542 4132 614 4187 alque
631 4142 656 4172 r.
681 4126 741 4171 Cdd.
763 4126 821 4183 aliq.
846 4125 895 4170 Alii
914 4125 1030 4183 denique,
1058 4126 1221 4172 testeLaurb.

100 4199 235 4246 molestato
250 4203 322 4256 etque
333 4211 357 4243 r.
396 4194 420 4242 3.
437 4192 546 4255 sundere
558 4196 589 4243 1..
606 4217 642 4230 -
657 4196 765 4256 pingere
776 4195 825 4240 Gif.
846 4195 961 4240 Nostram
975 4198 1031 4241 lect.
1043 4193 1176 4241 firmantG.
1189 4195 1221 4240 li..

102 4265 147 4320 1³.
159 4269 262 4316 illorum
273 4268 318 4315 Gd.
328 4264 352 4313 1.
363 4266 501 4314 tinnites.
512 4268 574 4314 Van.
585 4271 700 4325 perpetua
710 4265 860 4314 contusione.
878 4265 978 4312 Rectam
989 4267 1046 4312 lect.
1056 4265 1144 4311 babent
1153 4265 1182 4312 (l.
1190 4264 1222 4310 tt.
