2782 4762
134 366 180 431 Et
202 376 267 431 tun
290 365 424 432 mirilico
445 368 598 451 operabat
619 387 653 432 ae
675 386 745 431 ease
766 368 926 442 locutum,

198 470 306 550 Quom
328 480 480 555 quantum
502 479 632 553 poterat
653 470 777 534 dixerat
799 468 963 535 binairliaa.

133 569 264 649 Credo,
288 571 335 637 ric
356 584 475 652 mater,
500 572 547 637 nic
568 571 671 638 Liber
693 572 867 637 avunculus
890 571 978 648 eiua,

120 734 129 747 ,
198 673 252 738 Sic
275 685 437 739 maternus
459 696 539 739 arua
561 676 686 739 dixerat
707 686 803 759 atque
826 674 910 739 avla.

134 776 210 841 Hoc
232 775 330 842 miano
352 777 384 840 in
408 777 532 859 Syriam
554 778 738 862 requierant
760 777 909 842 omnibus
932 795 1044 840 ararent

197 876 365 943 Audibant
388 882 495 943 eadem
518 882 597 944 baec
618 879 733 944 leniter
754 891 786 944 et
808 874 924 944 leuiter
1078 868 1082 873 ⁶

134 980 206 1044 Nec
226 979 286 1043 eibi
309 981 436 1064 postilla
460 983 641 1045 metuebant
663 982 737 1046 talia
760 984 876 1058 verba,

198 1084 306 1164 Quom
327 1083 435 1148 nubilo
458 1084 592 1148 affertur
615 1084 741 1148 nuntius
764 1082 950 1161 horribilis,

135 1184 245 1250 ionioa
266 1186 400 1263 flractua,
425 1197 596 1270 postquam
617 1186 692 1251 illuc
713 1186 830 1250 Arrius
850 1186 949 1264 isset,

198 1288 265 1352 lam
288 1310 353 1352 non
375 1286 489 1353 [onina
509 1310 595 1366 ease,
622 1291 679 1353 ned
700 1289 854 1354 Hionios.

614 1420 662 1483 v.
691 1419 776 1500 (aa.)

134 1537 170 1603 Si
191 1539 359 1626 qnioquam
381 1540 477 1605 mutin
499 1552 624 1625 gratnm
648 1536 856 1625 acceptumve
877 1539 1034 1626 sepulcris

197 1642 358 1730 Accidere
380 1663 397 1707 a
419 1653 554 1721 nostro,
581 1641 700 1721 Calue,
723 1645 838 1708 dolore
859 1654 988 1727 potest,

133 1743 209 1825 (luo
233 1743 391 1810 desiderio
416 1755 541 1809 veteres
562 1766 753 1831 renovamus
777 1767 902 1812 amores

196 1855 307 1931 Atque
328 1847 405 1912 olim
428 1847 538 1911 missas
560 1848 673 1912 flemus
696 1847 869 1927 amicitias,

133 1945 234 2013 Certe
256 1969 322 2013 non
344 1959 433 2014 tanto
456 1971 543 2014 mora
564 1948 730 2015 immatura
752 1950 861 2025 dolori
882 1963 929 2016 eat

198 2050 393 2131 Quintiliae,
416 2064 567 2136 quantum
591 2056 711 2139 gaudet
732 2073 843 2118 amore
866 2065 937 2119 tuo.

595 2183 662 2249 vl.
692 2186 797 2264 (101.)

133 2283 257 2347 Multas
279 2305 339 2368 per
361 2297 473 2371 genten
496 2297 528 2350 et
550 2288 645 2350 multa
667 2308 727 2370 per
749 2308 892 2375 aequora
916 2266 1025 2352 'vacam

196 2386 349 2451 Adveuin
370 2388 427 2451 has
450 2389 599 2466 miseras,
620 2389 742 2471 irater,
766 2392 805 2453 ad
827 2391 982 2469 inseriae,

135 2488 183 2553 Ut
203 2498 236 2552 te
257 2499 424 2570 postremo
448 2492 599 2556 donarem
623 2512 752 2556 munere
774 2491 887 2557 inertia

197 2593 242 2654 Et
264 2604 379 2656 mutam
402 2593 612 2679 nequidquam
637 2594 820 2680 alloquerer
842 2594 1001 2672 cinerem,

132 2692 400 2777 Quandoquidem
422 2695 554 2761 lortuna
576 2697 653 2760 mibi
674 2707 741 2761 tete
762 2698 892 2761 abstulit
914 2697 1039 2780 iprum,

197 2798 272 2882 Heu
296 2796 391 2861 miser
413 2797 543 2885 indigne
565 2799 667 2875 frater
689 2803 836 2883 adempte
858 2799 950 2864 mibi!
1009 2800 1012 2804 ’
1105 2883 1110 2889 ⁵

133 2900 229 2961 Nunc
251 2909 355 2963 tamen
377 2900 522 2978 interea,
545 2902 656 2985 prisco
679 2924 760 2987 quae
782 2924 872 2965 more
893 2913 1060 2985 parentum

198 3000 333 3064 'l'radila
353 3014 428 3067 arant
449 3003 550 3067 tristis
574 3026 705 3068 munera
727 3008 767 3068 ad
788 3003 939 3082 inferias,

132 3101 256 3184 Accipe
277 3103 421 3167 fraterno
444 3106 573 3170 multum
597 3107 754 3171 manantia
777 3108 854 3172 fletu

196 3205 306 3290 Atque
326 3204 359 3271 in
381 3208 593 3290 perpetuum,
617 3210 738 3287 frater,
764 3232 824 3275 ave
848 3220 943 3296 atque
966 3211 1050 3274 vale.

595 3333 681 3395 vu.
704 3332 787 3414 (aa.)

555 3439 620 3503 AD
643 3440 832 3513 VARUM·
904 3486 907 3491 ·

195 3541 343 3605 Suffenus
365 3540 444 3619 iste,
469 3543 578 3618 Vare,
604 3563 697 3625 quem
720 3544 824 3624 probe
846 3544 948 3618 nosti,

133 3645 244 3708 Homo
266 3655 314 3707 est
336 3655 488 3707 venustus
511 3653 543 3706 et
565 3644 656 3707 dicax
679 3655 712 3707 et
733 3645 892 3721 urbanus,

132 3746 286 3830 Idemque
309 3747 407 3830 louge
429 3746 583 3828 plurimos
606 3746 682 3810 iacit
706 3768 830 3811 verriu.

132 3847 219 3912 Puto
240 3869 312 3911 esse
334 3869 399 3928 ego
422 3848 469 3911 illi
493 3848 576 3922 milia
600 3862 653 3912 aut
675 3852 784 3913 decern
807 3859 861 3912 aut
883 3850 976 3930 plura

132 3949 339 4031 Persoriplaz
364 3971 424 4013 neo
444 3950 508 4024 oio,
533 3962 567 4014 ut
588 3951 640 4027 fit,
665 3951 696 4014 in
717 3951 924 4033 palimpsesto

132 4052 265 4126 Relata3
288 4054 417 4117 chartae
440 4052 567 4137 regiae,
593 4055 670 4118 novi
690 4053 786 4128 libri,

131 4156 221 4220 Novi
242 4154 400 4230 umbilici,
423 4156 494 4220 lora
516 4158 632 4234 rubra,
655 4160 837 4220 membrana

130 4256 261 4321 Directa
283 4259 416 4339 plumbo
438 4269 470 4322 et
490 4257 617 4341 pumice
640 4260 743 4325 omnia
766 4270 915 4347 aequata.

171 4358 385 4414 neragaaranrau.
977 4364 996 4426 9
