2782 4762
174 210 215 278 96

175 377 193 414 ·
214 370 362 435 Necdum
383 364 476 433 etiam
496 387 628 450 seseque
648 360 697 429 sui
718 361 770 429 eui
792 367 836 404 Η
857 359 977 435 credit,

175 475 300 555 Utpote
323 469 432 536 fallaci
453 490 534 555 quae
557 478 622 530 tum
645 464 785 549 primum
808 463 914 530 excita
937 481 1050 528 somno

175 576 344 641 Desertam
364 572 397 636 in
419 572 489 636 sola
510 569 656 634 miseram
680 590 713 634 se
736 567 839 632 cernit
860 589 970 631 arena.

175 678 350 743 Immemor
373 686 405 738 at
425 672 549 737 iuvenis
571 671 699 757 fugiens
722 670 813 755 pellit
836 673 917 733 vada
937 667 1049 744 remis,

176 778 276 844 Irrita
297 789 449 843 ventosae
469 775 616 860 linquens
635 773 794 856 promissa
814 774 992 856 procellae.

177 881 281 963 Quem
304 880 422 964 procul
445 901 486 942 ex
508 878 581 961 alga
604 875 730 939 maestis
751 874 879 940 Minois
901 874 1033 951 ocellis,

178 987 280 1048 Saxea
305 995 339 1046 ut
359 981 481 1065 effigies
505 978 708 1053 bacchantis,
732 979 909 1062 prospicit,
934 1001 1033 1054 evoe,

176 1084 347 1169 Prospicit
369 1096 400 1149 et
420 1082 543 1167 magnis
566 1105 714 1145 curarum
736 1083 869 1145 fluctuat
891 1081 1002 1158 undis,

176 1191 255 1254 Non
274 1190 361 1252 flavo
385 1186 524 1250 retinens
547 1185 695 1249 subtilem
717 1184 838 1248 vertice
859 1184 1003 1261 mitram,

177 1294 256 1358 Non
276 1301 424 1356 contecta
448 1287 512 1353 levi
533 1288 671 1351 velatum
689 1299 801 1370 pectus
825 1287 959 1363 amictu,

83 1465 85 1468 Α
179 1395 257 1459 Non
279 1391 375 1456 tereti
392 1389 541 1474 strophio
566 1390 719 1453 lactantes
743 1388 849 1453 vincta
872 1389 1029 1473 papillas:

182 1495 299 1563 Omnia
321 1516 402 1580 quae
424 1504 495 1559 toto
519 1493 684 1576 delapsae
708 1516 851 1576 corpore
873 1493 991 1576 passim

179 1597 286 1682 Ipsius
310 1599 498 1680 antepedes
520 1596 635 1658 fluctus
655 1595 731 1658 salis
755 1596 949 1660 alludebant.

180 1705 244 1766 Sed
265 1721 368 1786 neque
389 1711 455 1762 tum
479 1699 590 1762 mitrae
614 1720 716 1784 neque
738 1711 804 1761 tum
824 1693 976 1761 fluitantis
998 1697 1131 1764 amictus

179 1804 241 1868 Illa
265 1803 368 1888 vicem
388 1824 501 1868 curans
523 1813 594 1866 toto
615 1813 704 1866 exte
726 1814 878 1885 pectore,
904 1804 1048 1879 Theseu,
1262 1801 1304 1865 70

181 1907 271 1972 'l'oto
293 1905 415 1984 animo,
438 1918 508 1970 tota
526 1908 686 1988 pendebat
706 1904 830 1990 perdita
854 1916 969 1968 mente.

179 2011 235 2075 Ah
257 2008 388 2085 misera,
411 2007 545 2072 assiduis
568 2031 661 2094 quam
681 2007 820 2070 luctibus
840 2005 1038 2072 exsternavit

182 2111 337 2194 Spinosas
356 2111 500 2191 Erycina
522 2132 631 2174 serens
653 2111 686 2174 in
705 2121 840 2193 pectore
861 2132 972 2186 curas,

180 2215 243 2280 Illa
259 2226 461 2297 tempestate,
485 2213 582 2279 ferox
603 2235 668 2298 quo
689 2225 837 2295 tempore
862 2215 1006 2277 Theseus

181 2319 342 2402 Egressus
365 2315 473 2380 curvis
495 2337 512 2380 e
533 2315 685 2381 litoribus
708 2314 818 2380 Piraei
1264 2318 1303 2382 75

182 2481 292 2529 eredidit
309 2495 365 2526 esse
384 2482 478 2527 Censor
503 2480 587 2539 Lips.;
617 2482 679 2540 quod
703 2480 825 2528 Latinitati
850 2488 968 2542 repugnat
991 2486 1094 2530 maxims
1116 2498 1140 2541 ru
1162 2471 1236 2539 pravo
1259 2498 1305 2529 usu

182 2553 268 2609 partic.
286 2565 329 2607 ve;
357 2558 380 2597 et
395 2553 514 2596 nullaest
534 2553 642 2596 iunctura
657 2553 830 2595 sententiarum
843 2554 905 2597 inter·
920 2567 976 2597 sese
990 2560 1013 2598 et
1025 2555 1155 2598 oblitumoe
1168 2560 1214 2599 eet.
1252 2551 1304 2597 Nos

182 2624 271 2682 Scalig.
290 2624 323 2677 (et
335 2620 404 2674 Ast.)
421 2622 508 2666 imitati
523 2623 643 2666 defectum
657 2622 822 2667 indicavimus.
842 2644 875 2654 -
893 2622 1018 2668 Necdum
1037 2627 1126 2680 etium,
1147 2637 1250 2684 seroque
1262 2624 1305 2668 eui

182 2699 233 2738 tum
254 2691 362 2736 credidit
376 2705 441 2739 esee.
458 2693 527 2736 Aldd.
548 2693 580 2736 al.
600 2692 743 2746 Exemplum
760 2692 952 2754 κακοφωνίας
970 2695 1107 2739 rhetoribus
1125 2695 1243 2750 praebere
1260 2707 1305 2749 po·

182 2768 245 2808 terat
270 2762 361 2806 Heinsii
387 2763 469 2807 coni:
500 2760 552 2807 Nee
577 2760 637 2805 dum
660 2764 735 2805 etium
762 2776 819 2806 aeae
843 2763 926 2818 ipsum
950 2778 1022 2807 suum
1041 2770 1091 2808 tum
1111 2763 1219 2808 credidit
1236 2778 1303 2807 em.

184 2830 226 2880 58.
246 2838 334 2875 cernat
351 2833 394 2876 Cd.
417 2832 505 2875 Dresd.
526 2832 625 2875 Lacbm.
677 2829 718 2877 61.
738 2838 795 2876 netu
821 2833 903 2876 Heius.
927 2834 951 2877 li.
974 2835 990 2877 l.
1012 2840 1035 2878 et
1050 2848 1073 2882 v.
1096 2825 1177 2886 168.,
1199 2835 1240 2877 sed
1256 2834 1303 2877 cfr.

183 2903 266 2951 luten.
282 2899 312 2955 l,
333 2898 375 2946 48.
403 2902 478 2961 ulgue
497 2901 669 2960 inquisitores.
695 2901 920 2961 Atguuocabulum
940 2909 992 2947 erat
1010 2906 1070 2960 apud
1090 2909 1171 2958 poetas
1190 2902 1304 2960 frequens

183 2973 256 3020 etiam
275 2973 398 3016 Claudiani
418 2971 647 3026 aetatemfuit,
667 2967 725 3017 387.
744 2969 767 3015 3.
784 2973 957 3016 Consobllon.
972 2971 1030 3018 197.
1079 2970 1120 3018 66.
1147 2974 1182 3017 lta
1198 2974 1260 3017 Mss.
1281 2977 1305 3016 et

183 3039 339 3103 isidor219.
362 3055 386 3096 p.
408 3037 484 3086 1307.
513 3038 609 3086 Ciunu:
637 3039 749 3098 etr-opleto
774 3043 896 3086 luctantes
916 3044 999 3086 ct'uctu
1012 3059 1040 3101 p.
1064 3044 1169 3101 Elegans
1189 3048 1241 3096 est,
1261 3043 1304 3086 sed

183 3108 323 3169 neutiquam
341 3111 477 3155 necessaria
494 3110 559 3154 Mur.
578 3112 641 3159 coni,
658 3112 800 3165 luctanter;
819 3113 891 3156 immo
910 3112 1014 3157 tortasse
1037 3128 1065 3157 ne
1087 3114 1171 3157 Latina
1190 3115 1303 3169 quidem;
1329 3134 1331 3136 v
1386 3146 1389 3153 .

184 3183 275 3228 nullum
292 3181 355 3224 enim
373 3183 507 3235 exemptum
526 3185 561 3224 tot
580 3182 631 3225 eius
650 3183 757 3226 lautores
775 3183 894 3240 hueusque
909 3185 1075 3240 protulerunt3
1090 3183 1211 3246 flutumue
1224 3186 1304 3225 autem

182 3252 308 3296 ductantes
327 3249 381 3294 Silii
398 3248 426 3303 l,
444 3247 501 3295 171.
518 3265 546 3294 ac
559 3257 641 3295 uentos
654 3251 715 3295 Aen.
732 3250 760 3304 1,
777 3249 818 3296 53.
837 3255 889 3308 quis
908 3251 952 3294 bur
971 3251 1078 3298 referat?
1098 3253 1235 3296 Istiusmodi
1246 3265 1303 3295 sene

184 3321 282 3365 delicias
304 3321 344 3362 vix
362 3323 460 3362 intactas
480 3321 634 3378 reliquissent
654 3321 796 3364 imitatores.
835 3322 871 3377 Tu
892 3310 1131 3377 confermarint,
1147 3319 1207 3366 883.
1227 3321 1305 3365 ubera

183 3403 351 3434 mammarum
369 3390 506 3444 luctantia,
534 3391 614 3448 ibique
637 3390 734 3435 Wakef.
756 3390 861 3445 Epithal.
881 3392 988 3447 Auspicii
1008 3398 1031 3436 et
1051 3394 1133 3437 Aeliae
1152 3406 1175 3436 r.
1200 3389 1242 3436 13.
1265 3405 1304 3447 ap.

183 3460 300 3506 Wernsd.
320 3459 351 3503 P.
374 3461 389 3502 Ι.
410 3472 442 3506 m.
464 3456 494 3514 l,
516 3457 542 3506 2.
566 3473 590 3515 p.
609 3457 668 3505 l477.
700 3459 722 3502 1t
740 3465 832 3503 nutura
851 3474 933 3505 comes
951 3463 1054 3506 luctenti
1065 3459 1124 3521 setu
1138 3461 1249 3519 pupilla.
1271 3485 1305 3494 ·-

181 3531 304 3576 lactentes
318 3543 331 3573 e
345 3528 405 3572 Cdd.
419 3529 478 3586 aliq.
492 3529 591 3576 Laehm.
645 3526 686 3574 68.
707 3530 743 3572 ltu
756 3531 832 3574 Codd.
844 3544 867 3575 r.
883 3547 902 3576 c.
916 3532 994 3575 Patat.
1014 3534 1142 3588 (similiter
1157 3531 1201 3576 Gr.
1216 3544 1306 3598 προς·

183 3598 311 3660 παίζειν,
330 3596 468 3652 σαίνειν.)
483 3620 512 3630 -
527 3598 664 3643 ulttdebuut
679 3599 749 3643 Atdd.
764 3601 827 3643 scal.
867 3597 908 3645 78.
929 3607 978 3645 toto
990 3607 1011 3644 te
1028 3616 1061 3646 ex
1071 3600 1148 3646 dldl.
1169 3625 1201 3634 -
1220 3606 1269 3644 toto
1283 3606 1305 3644 ts

180 3684 208 3728 p.
221 3665 311 3714 1112.
332 3667 439 3720 (Neutra
451 3667 589 3724 prodebat,
604 3671 646 3714 sed
658 3667 781 3725 pendebat
796 3669 818 3717 l.
831 3670 952 3727 perdebut
968 3671 1005 3723 2.)
1043 3668 1085 3716 72.
1104 3672 1224 3715 interram
1233 3671 1302 3714 Atdd.

184 3740 221 3784 lb.
243 3738 390 3782 extenuavit
401 3738 461 3782 Stat.
489 3759 519 3771 ·-
546 3738 687 3782 externarit
707 3741 788 3797 vulgo.
809 3741 854 3784 Sed
870 3741 1025 3785 exsternavit
1038 3742 1109 3785 malui
1125 3742 1232 3785 scribere
1252 3754 1306 3784 eum

183 3809 333 3854 Ferretlino.
363 3809 414 3851 Hoc
434 3807 497 3853 enim
514 3809 614 3852 verbum
633 3814 785 3852 exsternere
805 3810 821 3854 i.
836 3826 858 3855 e.
874 3812 1005 3856 dementem
1024 3809 1119 3864 tacere,
1141 3811 1174 3855 uti
1193 3816 1305 3854 conster-

185 3892 264 3932 nere,
295 3879 358 3935 quod
383 3890 468 3922 omnes
487 3879 515 3921 ad
535 3891 557 3923 v.
577 3885 690 3922 sternere
709 3879 830 3934 referunt,
863 3882 1059 3938 quemadmodum
1078 3881 1215 3938 uspernuri
1232 3882 1261 3923 ad
1280 3893 1304 3923 r.

185 3961 315 4006 spernere,
329 3953 495 3995 austerum
505 3949 562 3992 item
574 3949 667 4004 potius,
680 3962 749 4006 quam
762 3950 791 3992 ab
802 3952 854 3993 adr.
867 3957 942 3994 extra
952 3952 1113 3994 deducendum
1124 3953 1180 3995 erit.
1195 3950 1305 4005 Appuleii

185 4017 344 4076 quidernloei,
359 4030 419 4074 quos
429 4017 533 4072 laudent,
544 4019 687 4074 praesertim
696 4020 755 4062 Met.
767 4017 790 4063 3.
800 4035 823 4075 p.
835 4017 893 4065 214.
910 4021 949 4064 ubi
961 4025 1037 4064 tamen
1046 4021 1109 4065 Oud.
1119 4035 1147 4066 ex
1155 4022 1230 4064 Codd.
1241 4021 1306 4065 dedit

185 4080 373 4132 exterminetur
392 4086 486 4144 antini,
505 4102 550 4145 pro
569 4089 614 4132 hoe
633 4089 766 4146 veriloquio
786 4095 921 4148 neutiquam
939 4091 1037 4138 faciunt.
1086 4089 1127 4136 tt.
1142 4087 1225 4149 ferox
1244 4096 1268 4134 et
1285 4095 1304 4139 t.

185 4157 231 4204 Ed.
249 4170 286 4212 pr.
304 4154 486 4202 mutuose.
514 4179 544 4191 -
562 4155 691 4219 feroxque
704 4160 794 4207 etAld.
811 4158 836 4208 2,
857 4160 910 4204 ltali
925 4163 979 4205 seit.
999 4161 1216 4217 perhorrescebaut
1237 4174 1307 4204 usum

185 4228 254 4274 illum
272 4226 352 4270 Latini
371 4228 491 4272 sermonis
508 4229 532 4272 in
551 4231 635 4285 primis
658 4229 809 4287 frequentem
830 4233 891 4285 apud
916 4231 1055 4276 Caesarem.
1080 4245 1104 4276 v.
1128 4245 1150 4278 e.
1177 4231 1224 4274 illu
1248 4229 1305 4285 die,

186 4321 197 4336 ·
216 4323 226 4336 ·
245 4310 294 4358 quc
311 4294 352 4344 die
369 4296 399 4343 B.
417 4295 448 4343 G.
464 4295 493 4354 1,
512 4294 537 4345 ⁶.
563 4319 598 4334 -
613 4295 697 4360 serore
715 4313 763 4360 quo
780 4313 814 4345 ex
832 4306 942 4364 tempore
960 4301 1072 4347 horribili
1091 4314 1152 4347 sono
1171 4315 1225 4347 euin
1244 4300 1320 4357 italo,
