2782 4762
103 285 310 351 Constituunt
328 295 359 349 et
380 307 433 349 res
454 283 579 349 molleis
601 305 753 370 rarasque
776 283 975 370 relinquunt,

61 457 62 466 χ
102 391 207 465 Ae'ra,
231 388 348 466 solem,
371 389 496 473 ignem,
518 399 638 465 terras,
662 385 823 463 animalia,
845 387 975 472 frugem
1158 387 1218 452 745

102 493 173 554 Nec
192 503 297 555 tamen
318 490 492 555 admiscent
511 490 544 554 in
564 512 676 556 eorum
702 512 823 573 corpus
841 488 953 554 inane:
1013 562 1015 567 ,

100 584 226 658 Deinde
246 597 335 681 quod
354 592 487 659 omnino
510 595 605 659 finem
624 615 689 658 non
711 615 779 657 esse
803 592 947 658 secandis

64 717 71 723 ·
102 695 310 779 Corporibus
329 696 452 760 faciunt
472 719 574 783 neque
592 718 723 780 pausam
745 707 830 760 stare
849 695 978 782 fragori

100 801 172 862 Nec
191 820 341 882 prorsum
361 798 394 863 iu
413 801 510 864 rebus
529 798 701 862 minumum
721 797 898 864 consistere
920 798 1105 886 quidquam.

477 989 557 1050 Lus.
573 987 623 1050 ΙΙ.
649 1008 683 1049 v.
708 987 837 1051 1-59.

160 1111 284 1187 Suave,
308 1108 388 1176 mari
409 1131 527 1194 magno
545 1106 748 1171 turbantibus
770 1125 912 1192 aequora
934 1105 1054 1183 ventis,

98 1213 127 1275 E
149 1223 236 1276 terra
259 1235 406 1298 magnum
427 1211 557 1276 alterius
576 1221 721 1293 spectare
743 1209 907 1285 laborem3
942 1278 945 1284 ,
1068 1197 1069 1200 “

96 1317 190 1391 Non,
215 1315 289 1400 quia
307 1315 420 1380 vexari
441 1335 630 1402 quemquam
652 1324 701 1377 est
718 1311 858 1377 iocunda
877 1312 1045 1396 voluptas,

96 1420 177 1494 Sed,
201 1417 317 1504 quibus
337 1417 406 1501 ipse
428 1417 519 1480 malis
542 1439 667 1492 careas,
691 1414 766 1500 quia
789 1436 921 1488 cernere
941 1436 1038 1479 suave
1060 1427 1118 1480 est.

95 1521 163 1585 Per
184 1542 315 1603 campos
335 1520 492 1584 instructa
511 1530 564 1584 tua
587 1518 654 1582 sine
675 1529 767 1602 parte
786 1516 921 1601 pericli,

94 1625 200 1686 Suave
222 1623 316 1687 etiam
335 1623 414 1688 belli
435 1622 608 1688 certamina
630 1643 744 1706 magua
763 1620 860 1685 tueri.

95 1726 159 1789 Sed
182 1725 227 1788 nil
247 1725 369 1790 dulcius
389 1738 453 1802 cst,
475 1728 556 1790 bene
579 1748 672 1812 quam
693 1723 811 1788 munita
830 1735 939 1788 tenere

94 1827 190 1891 Edita
214 1829 362 1893 doctrina
383 1829 558 1913 sapientum
579 1829 697 1911 templa
719 1849 849 1902 serena;

92 1930 270 2014 Despicere
291 1935 373 1996 unde
391 1915 492 2017 'queas
513 1932 595 1996 alins
613 1929 794 2016 passimque
814 1929 925 1994 videre

59 2093 61 2096 ,
93 2035 216 2097 Errare
238 2045 332 2121 atque
354 2033 439 2097 viam
458 2033 612 2117 palanteis
634 2055 789 2118 quaerere
808 2031 913 2108 vitae3

93 2134 228 2200 Cartare
248 2135 399 2222 ingenio,
424 2140 616 2201 contendere
638 2136 823 2213 nobilitate,

93 2239 230 2303 Noctcis
255 2252 350 2325 atque
376 2239 442 2302 dies
463 2239 521 2303 niti
541 2228 722 2323 pr'aestantc
743 2239 857 2305 labore

91 2342 145 2404 Ad
167 2365 303 2406 summas
323 2364 489 2428 emergere
510 2364 591 2425 opes
613 2364 785 2429 rerumque
805 2340 920 2424 potiri.

154 2445 185 2510 Ο
209 2445 340 2509 miseras
361 2445 526 2511 homiuum
550 2444 698 2508 mentcis!
724 2467 745 2511 o
766 2454 902 2528 pectora
923 2450 1035 2510 caeca!

91 2547 246 2626 Qualibus
265 2548 299 2611 iu
321 2547 462 2612 tenebris
483 2546 778 2633 vitae‘quantisque
800 2546 931 2631 periclis
1166 2552 1205 2616 15

88 2649 228 2735 Degitur
248 2652 314 2715 hoc
336 2650 407 2715 aevi
431 2653 683 2736 quodquomque
705 2655 769 2714 est!
816 2653 932 2714 Nonne
954 2649 1111 2729 viderest,

88 2751 145 2815 Nil
169 2751 256 2816 aliud
277 2752 339 2837 sibi
362 2765 505 2817 naturam
527 2753 663 2828 latrare,
686 2751 747 2816 nisi
769 2752 922 2840 ut,·quoi

89 2853 242 2938 Corpore
260 2854 420 2920 seiunctus
441 2855 537 2920 dolor
559 2854 659 2932 absit,
683 2866 785 2919 mente
802 2855 929 2918 fruatur

85 2956 234 3023 Iocundo
256 2979 365 3035 seusu,
389 2980 467 3022 cura
488 2968 610 3023 semota
631 2957 802 3045 metuque?

152 3062 245 3144 Ergo
267 3082 461 3144 corpoream
482 3066 522 3124 ad
545 3072 689 3124 naturam
710 3083 812 3142 pauca
834 3059 978 3126 videmus
1161 3065 1203 3128 20

85 3164 167 3226 Esse
190 3184 272 3246 opus
293 3163 443 3240 omnino,
467 3185 547 3250 quae
570 3167 695 3228 demant
716 3186 877 3251 quomque
899 3166 1062 3244 dolorem,

83 3264 226 3329 Delicias
249 3288 379 3352 quoque
403 3266 449 3330 uti
471 3267 584 3331 multas
607 3270 808 3331 substernere
829 3268 973 3350 possint3

509 3450 565 3496 Lis.
579 3452 612 3496 ΙΙ.
632 3465 655 3496 v.
672 3449 776 3496 1-59.

138 3517 163 3564 1.
183 3519 264 3564 morie
282 3520 400 3581 magni·
420 3545 430 3559 ·
447 3534 556 3579 aequore
573 3522 663 3566 Markl.
678 3523 706 3564 ad
719 3521 830 3566 Statium.
845 3533 869 3574 p.
883 3517 942 3565 111.
979 3520 1005 3566 2.
1024 3525 1133 3577 (rnatum
1143 3524 1201 3586 W.)

84 3584 99 3633 5
109 3593 133 3633 et
142 3587 165 3633 6.
175 3591 271 3635 inverso
282 3591 364 3634 ordine
377 3592 487 3648 leguntur
497 3593 557 3647 apud
570 3592 614 3636 Aa.
626 3592 705 3645 Pium,
717 3591 747 3634 Α.
762 3591 821 3634 Hav.
833 3590 881 3635 Sed
887 3591 929 3635 W.
938 3591 1025 3649 eona,
1039 3596 1111 3639 etiam
1119 3596 1148 3640 C.
1157 3596 1200 3652 Ε.,

82 3658 186 3703 etEdd.
202 3665 260 3706 vett.
281 3665 376 3706 secutus
392 3666 437 3706 est.
467 3660 580 3706 Ceterum
593 3661 639 3707 C.:
665 3681 702 3694 -
726 3661 832 3704 sutrina
846 3674 876 3717 p.
891 3675 920 3718 p.
977 3660 1001 3709 1.
1021 3664 1140 3710 Pindarus
1158 3681 1198 3722 ap.

80 3728 146 3772 Plat.
164 3730 192 3772 de
209 3743 260 3784 rep.
277 3727 302 3774 2.
316 3730 345 3779 C.
360 3728 385 3775 8.
405 3725 532 3800 πότερον
548 3728 615 3798 δίκᾳ
634 3732 682 3788 (al.
699 3728 799 3791 δίκας)
824 3733 921 3792 τεῖχος
947 3724 1060 3795 ὕψιον,
1088 3727 1111 3798 ἢ
1126 3749 1200 3786 σκο-

80 3795 159 3858 λιαῖς
172 3793 301 3862 ἀπάταις
321 3801 368 3856 (at.
388 3799 510 3862 σκολιᾶς
529 3795 659 3863 ἀπάτας)
679 3793 808 3862 ἀναβάς,
826 3799 876 3850 καὶ
896 3798 1029 3864 ἐμαυτὸν
1048 3795 1127 3852 οὕτω
1148 3818 1200 3855 πε-

79 3861 229 3984 {midiae
249 3865 362 3931 διαβιῶ.
417 3869 458 3915 12.
475 3877 605 3930 perstante
622 3873 661 3916 Pii
679 3871 846 3924 membranae,
875 3871 946 3926 prob.
971 3870 1012 3919 W.
1035 3872 1120 3920 Horat.
1147 3878 1198 3922 Sat.

106 3969 113 3992 ,
157 3969 164 3992 ‚
186 3935 227 3984 39.
261 3946 351 3995 perata
369 3945 440 3998 atquc
459 3943 564 3987 obdura.
619 3939 660 3990 1t.
688 3941 777 3985 stultae
802 3941 909 3998 plerique
931 3941 1007 3988 Codd.
1031 3944 1109 3988 tribus
1136 3948 1199 4001 apud

77 4008 115 4053 Le
126 4009 191 4052 Brun
211 4010 316 4063 exceptis
334 3998 372 4065 ap.
389 4011 458 4056 Lart.
476 4011 504 4066 1,
519 4010 561 4055 21.
601 4009 642 4057 1⁶.
663 4011 746 4056 ridere
764 4017 802 4054 est
818 4009 857 4054 Pii
873 4010 931 4058 Cdd.
947 4010 986 4061 Ω.
998 4014 1041 4058 W.
1064 4035 1093 4046 -
1113 4014 1199 4059 ridere

78 4078 112 4123 G.
125 4079 157 4123 E.
170 4077 201 4122 L.
216 4078 266 4124 Gis.
279 4078 309 4122 Η.
328 4103 362 4114 —-
380 4080 469 4125 videtis
488 4082 516 4126 C.
531 4081 591 4128 Eud.
606 4086 664 4127 vett.
678 4087 731 4125 ante
744 4081 829 4124 Lamh.
846 4079 870 4123 1.
914 4079 955 4126 17.
976 4083 1033 4142 quoi
1046 4083 1091 4126 Ad.
1107 4085 1149 4129 W.
1164 4109 1196 4118 —

77 4147 122 4208 qm*
139 4148 171 4193 G.
186 4147 215 4192 C.
230 4148 260 4209 Ε.
282 4169 312 4181 -·
331 4164 403 4209 quom
417 4153 506 4210 Vulgo.
561 4150 602 4196 19.
623 4152 725 4195 serantu'
748 4151 777 4195 B.
800 4163 823 4195 v.
845 4147 875 4206 2,
897 4147 956 4197 648.
984 4171 1019 4186 -
1048 4158 1143 4197 remoto
1164 4153 1194 4197 G.

78 4216 123 4263 21.
143 4231 262 4278 quemque
280 4219 310 4264 Α.
327 4221 357 4265 1..
396 4218 438 4266 22.
457 4222 542 4266 nullos
557 4221 587 4267 L.
605 4221 655 4267 Gif.
672 4220 733 4266 Feb.

128 4300 218 4355 eelogae
233 4303 290 4344 Pc'e‘t.
305 4302 349 4344 Lat.
807 4331 810 4351 ,
923 4302 943 4362 2
