2782 4762
113 339 143 404 E
166 361 299 424 quarum
323 362 455 404 numero
478 362 526 404 me
549 341 685 425 contigit
707 361 767 403 tuna
790 343 941 402 dearum:

174 444 220 506 Ut
241 464 317 507 reor
339 464 356 504 a
379 442 478 517 facie,
504 441 672 523 Calliopea
694 442 765 504 luit.

111 542 316 616 „Contentus
341 540 442 607 niveis
465 565 591 625 semper
613 544 783 607 vectabere
806 543 934 622 cycnis,

176 647 246 708 Nec
268 657 298 707 te
319 645 414 708 fortis
437 646 510 728 equi
532 647 626 708 ducet
647 648 686 707 ad
708 665 795 706 arma
817 665 928 708 sonus.

112 746 169 808 Nil
191 746 249 809 tibi
270 744 312 809 sit
332 768 430 809 rauco
454 745 626 828 praeconia
649 745 780 808 classica
803 768 906 809 cornu

175 849 271 911 Flare
294 868 352 910 nec
374 847 513 910 Aonium
536 847 668 930 cingere
690 848 802 910 Marte
825 868 954 909 nemus:

111 949 180 1011 Aut
202 949 317 1032 quibus
338 948 369 1010 in
393 949 511 1030 campis
533 948 685 1013 Mariano
708 949 831 1029 proelia
855 949 947 1032 siguo

176 1052 266 1113 Stent
289 1062 321 1113 et
344 1050 537 1113 Teutonicas
560 1052 664 1114 Roma
686 1049 847 1132 refringat
869 1069 968 1129 opes,

111 1153 274 1214 Barbarus
298 1163 352 1214 ant
375 1153 483 1236 Silero
505 1152 654 1234 perfusus
677 1151 830 1236 sanguine
852 1151 985 1215 Rhenus

176 1252 294 1317 Saucia
317 1253 469 1317 maerenti
491 1273 631 1335 corpora
655 1264 762 1315 vectet
783 1273 879 1334 aqua.

111 1355 241 1435 Quippe
263 1368 438 1418 coronatos
460 1356 593 1416 alienum
617 1355 656 1416 ad
677 1353 771 1415 limen
794 1362 935 1415 amantes
1018 1401 1021 1407 .

175 1459 424 1539 Nocturnaeqne
447 1476 538 1518 canes
561 1453 648 1517 ebria
671 1454 762 1536 signa
782 1452 901 1536 fugae,
951 1456 955 1462 ’

110 1558 155 1619 Ut
177 1578 237 1638 per
258 1569 289 1620 te
312 1559 434 1620 clausas
456 1557 537 1620 sciat
559 1567 728 1618 excantare
749 1554 893 1638 puellas,

174 1657 238 1737 Qui
261 1659 349 1721 volet
371 1670 517 1722 atteteros
541 1668 609 1721 arte
631 1656 730 1720 ferire
753 1655 879 1719 viros.”

111 1757 203 1820 Talia
227 1757 397 1840 Calliope,
420 1759 621 1842 lymphisque
644 1758 772 1819 alonte
794 1755 920 1838 petitis,

173 1859 242 1921 Ora
264 1859 430 1923 Philetaea
453 1872 561 1923 nostra
583 1858 702 1942 rigavit
724 1878 818 1941 aqua.

365 2046 443 2106 nn.
466 2042 533 2107 111.
557 2043 652 2124 (tv.)
696 2042 876 2105 nnuma
897 2044 962 2107 111.

108 2167 209 2228 Arma
229 2166 307 2227 deus
331 2162 453 2227 Caesar
475 2162 555 2225 dites
579 2161 748 2224 meditatur
770 2164 810 2223 ad
831 2163 931 2225 Indos

172 2268 216 2329 Et
237 2266 320 2328 freta
342 2262 523 2348 gemmiferi
544 2264 665 2326 findere
688 2265 788 2325 classe
812 2263 921 2326 maris.

109 2368 257 2448 Magna,
281 2366 359 2441 viri,
384 2386 522 2428 merces:
546 2376 638 2446 parat
659 2364 767 2427 ultima
789 2375 877 2427 terra
898 2365 1100 2448 triumphos3

172 2466 283 2550 Tigris
306 2478 337 2530 et
358 2468 542 2548 Euphrates
565 2468 624 2528 snb
647 2478 700 2529 tua
721 2465 790 2528 iura
812 2467 923 2531 fluent.

106 2570 206 2643 Sera,
231 2571 287 2630 sed
309 2569 466 2631 Ausoniis
489 2566 595 2631 veniet
616 2566 785 2648 provincia
807 2568 929 2652 virgis:

170 2670 367 2733 Assuescent
388 2669 486 2731 Latio
510 2670 631 2732 Partha
652 2679 788 2749 tropaea
809 2669 897 2733 Iovi.

106 2771 176 2846 Ite,
201 2769 304 2854 agite,
329 2781 480 2851 expertae
502 2770 588 2832 bello
612 2772 684 2833 date
706 2769 801 2833 lintea
822 2790 969 2852 prorae,

105 2988 190 3040 Barth,
246 2985 289 3033 36.
312 2993 337 3032 et
363 2985 410 3031 tt.
433 3009 462 3021 ·-
483 2993 509 3030 at
527 2988 577 3036 lae.
633 2985 675 3032 37.
701 2985 806 3032 dearum
830 2989 908 3032 Codd.
930 3001 1012 3032 omnes
1033 2993 1132 3042 praeter
1153 2991 1227 3036 Heln.

106 3057 215 3101 sianum:
247 3070 342 3114 exque
364 3057 471 3101 Broulth.
496 3057 580 3101 Burm.
602 3069 728 3104 sororem.
774 3058 944 3112 Interpolateri
961 3055 1135 3102 obversabatur
1153 3060 1224 3118 Virg.
1302 3070 1307 3077 ·

105 3125 159 3170 Ecl.
182 3122 210 3182 6,
230 3123 271 3173 ⁶5.
307 3125 393 3170 Aenea
420 3126 448 3168 in
474 3133 570 3169 momen
600 3132 626 3170 ut
646 3124 752 3170 duxerit
781 3140 832 3170 una
855 3138 982 3170 sororem.
1019 3126 1091 3170 ovid.
1110 3128 1171 3172 Met.
1191 3126 1224 3183 5,

106 3190 167 3238 208.
187 3195 243 3238 Tib.
259 3191 288 3248 3,
304 3193 334 3249 4,
350 3191 392 3240 15.
411 3193 670 3251 decrementorum,
685 3194 724 3237 ubi
740 3210 763 3240 u.
783 3195 890 3239 flusehn.
929 3191 970 3238 ltl.
990 3193 1042 3241 Nec
1055 3195 1101 3239 etti
1111 3197 1224 3244 aitFrnl.

104 3261 215 3307 Gronov.
235 3286 267 3295 -
285 3261 323 3307 Ne
340 3265 377 3308 vel
395 3264 423 3307 ui
441 3268 459 3306 t.
479 3275 502 3305 a.
522 3263 647 3307 Passerat.
666 3264 772 3308 Ruschh.
792 3285 827 3296 -
839 3264 973 3320 praeteria
990 3265 1104 3308 Beroald.
1125 3278 1154 3309 ex
1170 3267 1224 3310 cod.

103 3333 189 3375 Burin.
208 3333 240 3376 al.
260 3332 354 3388 Reliqui
380 3344 464 3376 omnes
486 3333 637 3387 praeconia.
656 3332 750 3385 „Recte
771 3334 804 3376 ita
827 3333 982 3376 victorlerum
1007 3334 1126 3376 navalium
1144 3335 1225 3378 laudes
1315 3363 1317 3368 ,

104 3401 151 3445 diei
171 3406 284 3454 possunt,
306 3406 332 3444 ut
349 3401 462 3445 classica
481 3399 546 3444 bellu
565 3399 595 3454 2,
617 3399 645 3454 l,
667 3399 726 3444 282¹
760 3402 859 3444 Lachm.
879 3401 938 3456 Apte
952 3405 1103 3456 opponuntur
1118 3403 1142 3445 iu
1156 3415 1223 3458 seqq.

105 3469 198 3524 proelia
210 3471 344 3515 terrestria.
382 3467 425 3516 45.
445 3481 518 3513 edero
531 3469 607 3513 (lodd.
628 3471 744 3526 plerique,
765 3470 813 3513 lac.
852 3466 893 3513 48.
914 3465 1225 3527 nocturnaeque-·secee

103 3539 171 3582 Mur.
189 3538 283 3584 favente
301 3539 385 3583 Burin.
441 3536 483 3584 49.
504 3552 614 3582 exorare
632 3539 706 3582 Pucc.
726 3538 808 3582 laceb.
829 3538 902 3582 verbo
922 3539 946 3582 h.
966 3540 983 3582 l.
1003 3539 1074 3581 nimis
1092 3539 1196 3596 vulgari.

458 3645 513 3688 un.
533 3644 578 3687 ιιι.
599 3641 667 3700 (tv.)
703 3643 798 3688 unte.
820 3643 865 3686 ιιι.

159 3739 182 3786 l.
202 3742 310 3799 Augusto
328 3741 419 3784 bellum
436 3743 550 3784 adversus
569 3741 656 3794 indos,
676 3740 769 3783 Arabas
789 3744 813 3784 et
830 3739 934 3783 Parthos
953 3736 1010 3795 (cfr.
1029 3737 1091 3782 neu.
1107 3735 1131 3792 l,
1153 3734 1224 3796 005.)

103 3811 238 3866 parantia.
258 3825 282 3853 u.
302 3825 324 3858 c.
346 3807 407 3854 730.
428 3810 488 3853 bene
507 3811 634 3853 ominatur.
690 3806 713 3852 3.
741 3809 790 3852 viri
809 3809 886 3852 Godd.
912 3820 1009 3860 ornnes,
1041 3809 1103 3863 quod
1125 3808 1217 3862 primus

102 3885 168 3925 recte
184 3880 291 3923 distinxit
308 3880 407 3927 Lachm.
428 3901 460 3911 —-
479 3877 534 3920 siae
552 3879 635 3922 Heius.
650 3879 733 3921 Burin.
760 3879 806 3921 Sed
825 3878 866 3920 illa
886 3891 979 3934 quoque
995 3878 1097 3920 lectione
1119 3881 1222 3932 relenta,

103 3949 194 3994 servari
217 3953 297 4002 potest
314 3963 337 3992 v.
356 3945 401 3993 [ιη
438 3946 484 3989 sub
506 3953 549 3990 tua
567 3947 640 4001 iure,
671 3947 710 3991 uhi
730 3947 826 3990 tertium
844 3947 915 3989 veluti
930 3960 973 4000 per
992 3945 1145 4000 parenthesin
1165 3947 1223 3991 effe·

102 4030 161 4074 ras;
183 4017 219 4072 (ut
237 4014 268 4069 3,
291 4015 337 4070 11,
358 4013 389 4070 l,
412 4012 460 4068 10,
483 4012 523 4060 35.
544 4014 626 4073 seqq.)
644 4031 699 4060 uam
717 4015 762 4058 suh
781 4028 829 4058 suu
847 4015 906 4071 iura
924 4014 1031 4058 Broulth.
1055 4015 1119 4058 coni.
1139 4013 1169 4058 L.
1190 4014 1220 4070 (i.

102 4101 125 4132 e.
155 4085 201 4130 sub
227 4085 336 4130 debitum
354 4082 482 4138 ditionem)
501 4085 637 4128 duriuscule
656 4087 743 4128 dictum
762 4083 862 4140 colliges
881 4095 911 4125 ex
930 4079 961 4135 3,
983 4079 1024 4127 11.
1045 4080 1088 4138 (l,
1110 4078 1166 4139 10.)
1185 4081 1219 4136 2,

105 4152 144 4200 32.
166 4155 205 4198 uhi
223 4155 270 4198 eud
288 4169 336 4199 aue
354 4154 413 4197 iure
432 4158 455 4197 et
472 4153 500 4197 in
517 4167 567 4198 aue
586 4166 668 4212 regne
686 4156 715 4196 ed
733 4152 873 4202 dominum,
906 4163 953 4193 neu
971 4163 1029 4194 vero
1050 4152 1079 4194 ad
1098 4152 1221 4196 subditum

101 4225 218 4270 refertur.
273 4221 300 4270 5:
325 4223 401 4268 Seres
430 4228 453 4266 et
482 4221 512 4268 A.
534 4223 631 4268 venient
648 4221 807 4274 Gulielmius,
827 4219 910 4264 Heius.
937 4219 1007 4287 coni.
1021 4219 1093 4277 vulgo
1111 4225 1219 4276 recepta.
