2782 4762
212 257 276 322 384

213 547 346 614 XVIII.
363 543 559 612 CORONA
574 543 723 612 REGIA
740 542 1082 712 ΤΞΙΕῙΙΜΕΝΤΠΜ
1096 542 1344 613 HUMANAE

652 648 766 712 MISE
820 648 896 712 ΑΕ.

214 777 327 855 Quom
341 792 434 836 anno
448 773 654 836 MDGXLI.
670 793 718 834 ex
726 769 915 853 Hispania,
926 769 1074 852 Anglia,
1086 770 1206 848 Italia,
1220 773 1346 837 Scotia

249 888 283 940 et
296 873 466 942 Hibernia
479 875 620 938 crebrae
635 893 828 957 regnorum
840 871 1028 936 seditiones
1042 873 1305 940 nuntiarentur.
1367 874 1372 883 “

300 1018 381 1081 Esse
404 1014 482 1100 quid
504 1016 568 1079 hoc
590 1012 714 1077 dicam?
735 1013 834 1078 laceri
857 1016 946 1100 quod
966 1013 1127 1101 fragmina
1148 1016 1255 1081 mundi

383 1120 423 1183 In
444 1118 514 1201 Ipsa
535 1140 652 1202 regum
674 1129 826 1201 torqueat

472 1220 615 1285 Martius
638 1241 698 1286 ora
718 1219 830 1285 furor!

302 1363 382 1427 Inde
404 1361 571 1425 cicatrices
594 1361 850 1447 diademataeque
872 1362 1029 1426 resultant

388 1465 532 1530 Molesta
554 1465 672 1530 leontis
694 1467 811 1528 tubera

421 1641 427 1651 ¹
470 1571 724 1654 Purpureaeque
745 1581 852 1633 notae.

304 1713 394 1792 Quae
416 1711 492 1774 licet
514 1732 532 1774 a
554 1709 686 1795 gemmis
709 1709 866 1774 Indorum
887 1731 978 1776 more
1006 1721 1193 1788 coruscent,

389 1816 465 1880 Non
489 1825 521 1877 et
544 1812 674 1877 minoris
697 1813 805 1876 saucio

475 1914 583 1981 Causa
606 1916 729 1981 doloris
751 1927 857 1980 erunt.

306 2060 352 2124 Ut
375 2059 486 2136 video,
511 2079 577 2122 non
599 2059 639 2120 ad
660 2058 864 2140 splendorem
886 2055 1017 2122 inventa
1040 2078 1161 2125 corona
1183 2071 1244 2124 est.
1302 2061 1345 2124 lo

390 2159 598 2224 Necessitatis
622 2159 782 2224 vinculum

476 2265 621 2328 Volnera
643 2262 728 2327 faeta
751 2262 845 2346 tegit.

203 2414 207 2419 “
308 2406 465 2490 Imposito
488 2427 583 2490 reges
607 2426 729 2469 exorna
750 2403 897 2486 Iuppiter
919 2409 1022 2468 auro!

393 2512 464 2585 Tu,
490 2509 642 2584 Phoebe,
666 2507 759 2570 lauro
783 2507 909 2571 mollius

478 2613 642 2694 'Tempora
665 2609 758 2694 cinge
782 2613 865 2672 mea!

287 3029 388 3092 XIX.
423 3027 487 3090 AD
510 3025 767 3090 VALERIUM
788 3023 996 3090 ADONEM
1016 3028 1285 3095 LAURENTII

558 3128 734 3194 ADONIS
758 3129 1008 3195 FRATREM.
1151 3146 1157 3155 '

625 3253 753 3317 Musae
775 3250 948 3334 Cingarae
970 3276 973 3281 ⁴

298 3357 368 3422 sive
389 3356 519 3420 artium
540 3367 574 3419 et
595 3353 857 3438 disciplinarum
878 3355 920 3418 de
942 3377 1051 3440 regno
1073 3358 1110 3421 iu
1131 3379 1281 3443 regnum

456 3451 462 3476 ‘
703 3457 882 3542 migratio.

313 3600 439 3675 Tellus,
467 3620 547 3683 quiae
569 3610 692 3680 septem
713 3599 856 3663 subiecta
880 3598 1077 3676 Trionibus,
1103 3600 1176 3665 olim

397 3700 457 3766 Est
480 3700 548 3764 visa
569 3701 684 3783 priscis
706 3704 876 3766 barbara·

315 3806 527 3870 Crediderim
550 3805 636 3869 solas
657 3804 795 3868 habitari
818 3827 837 3869 a
859 3807 1009 3870 Teutone
1030 3805 1127 3870 silvas

399 3909 464 3971 Vel
485 3919 595 3991 tesqua
617 3908 712 3990 plena
734 3910 908 3992 vepribus:

315 4012 494 4078 Lechiadas
517 4022 625 4075 vastos
650 4033 799 4076 ursorum
821 4013 958 4076 insidere
980 4013 1079 4076 saltus
1333 4022 1352 4081 5

399 4116 545 4198 Geluque
567 4127 737 4178 concretos
761 4116 860 4179 mori:

317 4222 492 4285 Praeterea
513 4218 632 4281 nullum
656 4218 742 4281 nasci
764 4217 824 4281 nisi
845 4219 959 4284 inentis
982 4240 1102 4303 opacae

404 4323 471 4385 Sub
493 4342 553 4385 axe
576 4320 670 4403 spissi
693 4319 824 4386 sideris:
