2782 4762
215 172 255 233 22

216 334 299 406 Aut,
322 329 395 416 quia
412 328 595 415 significant
615 329 720 391 divam
742 328 948 410 praedicere,
971 341 1006 391 ut
1027 329 1124 392 armis

215 436 268 498 Ae
291 424 409 496 uirtute
432 432 532 496 velint
552 431 687 514 patriam
711 431 880 495 defendere
903 445 1020 495 terram

214 535 447 621 Praesidioque
467 547 581 619 parent
604 533 779 619 decorique
800 535 986 617 parentibus
1009 558 1090 599 esse.

281 639 386 718 Quae,
409 641 488 702 bene
512 649 543 700 et
562 637 677 702 eximie
700 637 844 721 quamvis
868 637 1012 720 disposta
1034 639 1195 714 serantur,

214 743 332 826 Longe
352 753 423 804 sunt
443 754 548 805 tamen
571 764 594 832 a
608 763 686 804 vera
708 739 832 804 ratione
853 741 997 823 repulsa.
1189 742 1191 748 '
1269 744 1333 805 605

218 843 331 909 Omnis
354 845 437 907 enim
455 867 514 928 per
536 866 569 906 se
592 844 701 906 divdm
724 854 836 904 natura
859 856 1016 907 necessest

216 947 397 1010 Immortali
420 968 501 1011 aevo
524 969 641 1009 summa
663 969 734 1009 cum
756 968 835 1028 pace
857 947 996 1021 fruatur,

219 1052 348 1114 Sernota
371 1072 388 1111 a
410 1047 530 1133 nostris
551 1051 647 1111 rebus
668 1048 874 1133 seiunctaque
895 1050 1006 1133 longe.

214 1155 298 1215 Nam
319 1152 446 1235 privata
469 1152 584 1216 dolore
607 1152 710 1227 omni,
734 1151 860 1233 privata
882 1151 1029 1234 periclis,

215 1256 292 1337 Ipsa
315 1255 379 1317 suis
401 1255 527 1339 pollens
546 1254 680 1337 opibus,
704 1253 784 1316 nihil
805 1254 915 1338 indiga
937 1255 1059 1330 nostri,
1275 1258 1336 1318 650

215 1359 286 1422 Nec
308 1360 389 1421 bene
413 1357 600 1442 promeritis
624 1355 750 1441 capitur
771 1378 829 1420 nec
852 1357 994 1441 tangitur
1013 1357 1074 1420 ira.
1230 1349 1231 1352 ¹

279 1463 385 1524 Terra
407 1461 534 1547 quidem
556 1482 636 1524 vero
661 1471 750 1523 caret
770 1459 859 1523 omui
880 1471 1026 1543 tempore
1048 1482 1159 1534 sensu3

217 1566 301 1643 Sed,
324 1563 398 1648 quia
419 1563 587 1626 multarum
608 1562 733 1645 potitur
754 1561 933 1644 primordia
957 1586 1081 1639 rerum,

218 1666 325 1729 Multa
348 1666 451 1730 modis
470 1665 576 1729 multis
597 1668 690 1730 effert
711 1664 880 1727 inlumina
903 1664 993 1729 solis.

216 1768 282 1833 Hic
301 1769 329 1832 si
348 1768 419 1854 quis
440 1791 524 1832 mare
547 1771 732 1852 Neptunum
755 1766 971 1852 Cereremque
993 1791 1112 1834 vocare
1276 1772 1336 1833 655

218 1871 403 1939 Constituet
425 1873 537 1957 fruges
563 1883 594 1935 et
616 1870 738 1935 Bacchi
759 1869 887 1934 nomine
911 1873 998 1935 abuti

216 1974 349 2039 Mavolt
368 1998 461 2060 quam
482 1974 585 2037 laticis
606 1974 775 2058 proprium
797 1974 948 2055 prolerre
969 1997 1141 2050 vocamen3

218 2078 458 2154 Concedamus,
482 2090 515 2140 ut
538 2077 592 2140 hie
615 2088 773 2139 terrarum
797 2076 920 2140 dictitet
944 2082 1055 2141 orbem

216 2183 298 2245 Esse
314 2183 407 2244 deum
430 2190 581 2256 matrem,
606 2183 678 2242 dum
701 2200 832 2243 verare
855 2190 959 2242 tamen
981 2180 1062 2264 ipse.

558 2370 636 2430 Lm.
653 2367 702 2430 lt.
730 2389 764 2429 v.
782 2337 995 2432 etit-1175.

211 2475 214 2479 ⁴
280 2492 427 2577 Denique
448 2490 576 2553 caelesti
597 2511 701 2551 sumus
724 2510 833 2552 omnes
855 2488 971 2553 semine
993 2491 1158 2567 oriundei3

220 2595 377 2662 Omnibus
400 2594 454 2657 ille
475 2594 558 2656 idem
581 2603 671 2674 pater
695 2603 759 2667 est,
782 2595 863 2653 uude
887 2591 967 2654 alma
990 2593 1157 2679 liquenteis

219 2688 376 2764 Humoris
398 2708 503 2782 guttas
527 2707 626 2758 mater
649 2716 746 2780 quom
770 2697 874 2756 'l'erra
899 2696 1039 2778 recepit,

221 2804 301 2866 Feta
322 2801 408 2884 parit
429 2799 546 2863 nitidas
565 2799 677 2882 fruges
700 2800 891 2882 arbustaque
913 2797 993 2860 laeta

219 2907 264 2968 Et
285 2927 384 2990 genus
403 2907 589 2978 humanum,
612 2901 699 2984 parit
722 2899 826 2964 omnia
847 2901 931 2963 secla
953 2902 1112 2980 serarum;
1273 2913 1334 2975 995

224 3008 348 3072 Pabula
370 3029 468 3093 quom
490 3008 641 3089 praebet,
663 3002 779 3089 quibus
801 3025 910 3067 omnes
931 2991 1074 3088 corpora
1096 3025 1230 3091 pascunt

219 3113 265 3174 Et
290 3110 415 3172 dulcem
438 3113 556 3171 ducunt
579 3106 676 3169 vitam
698 3107 888 3192 prolemque
908 3123 1109 3194 propagant:

221 3215 431 3295 Quapropter
452 3210 568 3275 merito
593 3220 768 3273 maternum
790 3231 905 3272 nomeu
928 3216 1083 3295 adeptast.

221 3316 317 3380 Cedit
335 3315 409 3377 item
432 3327 539 3390 retro,
563 3317 601 3377 de
622 3324 708 3376 terra
729 3314 818 3397 quod
839 3313 900 3375 fuit
924 3327 1012 3391 aute,

221 3420 260 3481 Iu
283 3429 405 3493 terras;
428 3430 458 3482 et
481 3421 570 3503 quod
590 3416 747 3480 missumst
771 3436 812 3477 ex
829 3417 965 3482 aetheris
988 3420 1069 3496 oris,
1256 3430 1339 3487 1000

277 3572 335 3619 615.
354 3575 473 3629 Epicurus
491 3577 551 3630 apud
570 3571 872 3632 ntog.Laert.10,139.
893 3568 926 3621 τὸ
945 3573 1096 3647 μακάριον
1113 3577 1164 3627 καὶ
1181 3571 1340 3648 ἅφὲαρτον

222 3637 293 3695 οὔτε
311 3637 387 3693 αὐτὸ
407 3639 567 3713 πράγματα
585 3635 663 3705 ἔχει,
692 3636 763 3694 οὔτε
780 3636 858 3711 ἄλλῳ
876 3647 1010 3713 παρέχει·
1042 3639 1117 3697 ὥστε
1140 3641 1210 3698 οὔτε
1234 3644 1340 3720 ὀργαῖς

221 3707 293 3764 οὕτε
310 3709 412 3785 χάρισι
430 3713 595 3774 συνέχεται.
650 3712 708 3760 659.
735 3717 794 3760 Scit.
814 3716 924 3771 dtctttet3
953 3716 1067 3777 „wosern
1085 3731 1113 3760 er
1131 3733 1180 3762 nur
1198 3719 1237 3762 het
1256 3721 1340 3764 dieser

222 3783 377 3845 Benennurtg
401 3784 448 3829 due
470 3783 564 3828 Wubre
588 3783 643 3828 rtet
660 3785 760 3832 deult.''
795 3787 835 3832 stc
858 3790 912 3837 lect.
936 3789 996 3833 Cdd.
1022 3790 1125 3844 explico.
1145 3791 1217 3833 Wak.
1239 3796 1337 3835 contra:

222 3858 295 3908 „dum
315 3869 400 3899 revera
417 3857 448 3898 sit
469 3856 519 3910 ipse
540 3855 606 3900 orbis
620 3861 755 3911 terrarum,
776 3870 823 3901 non
842 3860 971 3903 auiruatum
989 3861 1078 3917 aliquid
1096 3874 1124 3903 ac
1142 3857 1218 3903 Detlrn
1237 3863 1340 3904 mater.”

223 3927 258 3968 lta
272 3925 347 3968 Codd.
363 3922 413 3979 (E.)
426 3925 486 3971 Edd.
501 3931 560 3970 vett.
582 3927 664 3969 Codex
680 3931 759 3970 autem
772 3927 819 3972 C.:
842 3927 901 3972 dum
917 3944 944 3972 re
957 3942 1016 3973 vero
1031 3929 1208 3973 remeaturis.
1229 3953 1262 3963 -
1281 3929 1340 3974 dum

222 4009 282 4040 veru
297 4008 325 4037 re
340 3999 424 4038 tamen
432 3993 500 4039 trud
511 3997 546 4040 eit
557 3997 601 4040 Αν.
610 3997 640 4040 P.
648 3995 678 4040 A.
693 4020 726 4029 —
739 3997 801 4041 Ede.
816 4005 917 4043 receutt.
932 4000 1082 4043 retinuerunt
1093 4001 1244 4044 temerariam
1254 4000 1338 4044 Lamb.

224 4065 286 4109 coni.
307 4063 366 4108 dum
384 4078 412 4106 re
430 4077 479 4108 non
497 4067 531 4110 eit
548 4073 631 4110 tumen
649 4079 726 4124 epse:
745 4081 774 4110 ex
794 4082 839 4126 qua
857 4074 935 4113 tamen
949 4070 1064 4126 hodieque
1083 4072 1169 4114 decerit
1186 4084 1275 4127 reapse
1296 4084 1339 4126 per

133 4196 136 4203 1
223 4135 309 4180 truesin
329 4135 431 4192 disiungi
448 4148 528 4189 posse.
549 4152 570 4181 v.
591 4137 663 4180 Beier
681 4138 710 4179 ad
729 4137 781 4182 Cic.
801 4140 829 4183 de
849 4139 898 4185 Off.
912 4141 932 4183 1.
949 4155 971 4196 p.
989 4136 1047 4187 175.

662 4207 717 4254 .11,
755 4240 761 4251 .
833 4233 865 4242 -
944 4242 950 4254 .
1222 4252 1224 4254 ,

280 4271 337 4319 913.
357 4273 484 4320 humorem
498 4276 558 4320 Eoo.
574 4207 700 4322 vetlilllav.
722 4207 841 4324 81190110.
856 4207 942 4338 piei-id.
957 4283 1028 4326 etium
1041 4280 1069 4325 C.
1082 4281 1111 4326 E.
1129 4279 1340 4338 brumori331quod
1378 4261 1380 4264 .
