<?xml version="1.0" encoding="UTF-8"?>
<!DOCTYPE html PUBLIC "-//W3C//DTD XHTML 1.0 Transitional//EN"
    "http://www.w3.org/TR/xhtml1/DTD/xhtml1-transitional.dtd">
<html xmlns="http://www.w3.org/1999/xhtml" xml:lang="en" lang="en">
 <head>
  <title>
</title>
<meta http-equiv="Content-Type" content="text/html;charset=utf-8" />
  <meta name='ocr-system' content='tesseract 3.04.00' />
  <meta name='ocr-capabilities' content='ocr_page ocr_carea ocr_par ocr_line ocrx_word'/>
</head>
<body>
  <div class='ocr_page' id='page_1' title='image "./eclogaepoetarum00orelgoog_0187.png"; bbox 0 0 2782 4762; ppageno 0'>
   <div class='ocr_carea' id='block_1_1' title="bbox 175 220 236 283">
    <p class='ocr_par' dir='ltr' id='par_1_1' title="bbox 175 220 236 283">
     <span class='ocr_line' id='line_1_1' title="bbox 175 220 236 283; baseline -0.033 0"><span class='ocrx_word' id='word_1_1' title='bbox 175 220 236 283; x_wconf 89' lang='grc'>180</span> 
     </span>
    </p>
   </div>
   <div class='ocr_carea' id='block_1_2' title="bbox 172 365 1290 2399">
    <p class='ocr_par' dir='ltr' id='par_1_2' title="bbox 175 365 1105 562">
     <span class='ocr_line' id='line_1_2' title="bbox 175 365 1105 462; baseline -0.017 -18"><span class='ocrx_word' id='word_1_2' title='bbox 175 382 236 457; x_wconf 91' lang='lat' dir='ltr'>Et,</span> <span class='ocrx_word' id='word_1_3' title='bbox 260 377 286 442; x_wconf 90' lang='lat' dir='ltr'>si</span> <span class='ocrx_word' id='word_1_4' title='bbox 309 375 385 462; x_wconf 87' lang='lat' dir='ltr'>quid</span> <span class='ocrx_word' id='word_1_5' title='bbox 407 372 565 438; x_wconf 85' lang='lat' dir='ltr'>doliturus</span> <span class='ocrx_word' id='word_1_6' title='bbox 588 369 670 450; x_wconf 88' lang='lat' dir='ltr'>eris,</span> <span class='ocrx_word' id='word_1_7' title='bbox 692 367 760 433; x_wconf 90' lang='lat' dir='ltr'>sine</span> <span class='ocrx_word' id='word_1_8' title='bbox 782 366 918 432; x_wconf 86' lang='lat' dir='ltr'>testibus</span> <span class='ocrx_word' id='word_1_9' title='bbox 940 365 1022 441; x_wconf 82' lang='lat' dir='ltr'>illis3</span> <span class='ocrx_word' id='word_1_10' title='bbox 1102 372 1105 379; x_wconf 88' lang='lat'>&#39;</span> 
     </span>
     <span class='ocr_line' id='line_1_3' title="bbox 239 469 987 562; baseline -0.015 -19"><span class='ocrx_word' id='word_1_11' title='bbox 239 481 347 562; x_wconf 85' lang='lat' dir='ltr'>Quom</span> <span class='ocrx_word' id='word_1_12' title='bbox 369 474 515 550; x_wconf 86' lang='lat' dir='ltr'>venient,</span> <span class='ocrx_word' id='word_1_13' title='bbox 539 472 632 537; x_wconf 88' lang='lat' dir='ltr'>siccis</span> <span class='ocrx_word' id='word_1_14' title='bbox 655 471 763 535; x_wconf 86' lang='lat' dir='ltr'>oscula</span> <span class='ocrx_word' id='word_1_15' title='bbox 785 471 861 534; x_wconf 80' lang='lat' dir='ltr'>fatte</span> <span class='ocrx_word' id='word_1_16' title='bbox 883 469 987 554; x_wconf 85' lang='lat' dir='ltr'>genis.</span> 
     </span>
    </p>

    <p class='ocr_par' dir='ltr' id='par_1_3' title="bbox 175 566 1145 768">
     <span class='ocr_line' id='line_1_4' title="bbox 175 566 1145 661; baseline -0.018 -11"><span class='ocrx_word' id='word_1_17' title='bbox 175 589 233 650; x_wconf 90' lang='lat' dir='ltr'>Sat</span> <span class='ocrx_word' id='word_1_18' title='bbox 255 566 315 647; x_wconf 92' lang='lat' dir='ltr'>tibi</span> <span class='ocrx_word' id='word_1_19' title='bbox 336 580 398 645; x_wconf 90' lang='lat' dir='ltr'>siut</span> <span class='ocrx_word' id='word_1_20' title='bbox 420 589 552 653; x_wconf 90' lang='lat' dir='ltr'>noctes,</span> <span class='ocrx_word' id='word_1_21' title='bbox 576 598 654 661; x_wconf 89' lang='lat' dir='ltr'>quas</span> <span class='ocrx_word' id='word_1_22' title='bbox 677 578 716 638; x_wconf 88' lang='lat' dir='ltr'>de</span> <span class='ocrx_word' id='word_1_23' title='bbox 739 595 806 651; x_wconf 86' lang='lat' dir='ltr'>me,</span> <span class='ocrx_word' id='word_1_24' title='bbox 831 573 965 647; x_wconf 82' lang='lat' dir='ltr'>Paullo,</span> <span class='ocrx_word' id='word_1_25' title='bbox 989 570 1145 656; x_wconf 77' lang='lat' dir='ltr'>fatiges,&#39;</span> 
     </span>
     <span class='ocr_line' id='line_1_5' title="bbox 237 676 1022 768; baseline -0.018 -17"><span class='ocrx_word' id='word_1_26' title='bbox 237 684 431 768; x_wconf 88' lang='lat' dir='ltr'>Somniaquc</span> <span class='ocrx_word' id='word_1_27' title='bbox 453 682 485 744; x_wconf 93' lang='lat' dir='ltr'>in</span> <span class='ocrx_word' id='word_1_28' title='bbox 508 679 620 742; x_wconf 86' lang='lat' dir='ltr'>faeiem</span> <span class='ocrx_word' id='word_1_29' title='bbox 644 676 765 741; x_wconf 89' lang='lat' dir='ltr'>eredita</span> <span class='ocrx_word' id='word_1_30' title='bbox 787 697 884 758; x_wconf 83' lang='lat' dir='ltr'>saepe</span> <span class='ocrx_word' id='word_1_31' title='bbox 907 695 1022 738; x_wconf 86' lang='lat' dir='ltr'>meam.</span> 
     </span>
    </p>

    <p class='ocr_par' dir='ltr' id='par_1_4' title="bbox 173 776 1100 970">
     <span class='ocr_line' id='line_1_6' title="bbox 173 776 1100 872; baseline -0.016 -18"><span class='ocrx_word' id='word_1_32' title='bbox 173 793 303 872; x_wconf 82' lang='lat' dir='ltr'><strong>Atque,</strong></span> <span class='ocrx_word' id='word_1_33' title='bbox 327 784 382 849; x_wconf 92' lang='lat' dir='ltr'>ubi</span> <span class='ocrx_word' id='word_1_34' title='bbox 404 794 530 848; x_wconf 87' lang='lat' dir='ltr'>secreto</span> <span class='ocrx_word' id='word_1_35' title='bbox 553 792 664 844; x_wconf 90' lang='lat' dir='ltr'>nostra</span> <span class='ocrx_word' id='word_1_36' title='bbox 689 782 728 841; x_wconf 88' lang='lat' dir='ltr'>ad</span> <span class='ocrx_word' id='word_1_37' title='bbox 750 778 917 840; x_wconf 87' lang='lat' dir='ltr'>simulacra</span> <span class='ocrx_word' id='word_1_38' title='bbox 938 776 1100 861; x_wconf 86' lang='lat' dir='ltr'>loqueris,</span> 
     </span>
     <span class='ocr_line' id='line_1_7' title="bbox 236 881 890 970; baseline -0.02 -15"><span class='ocrx_word' id='word_1_39' title='bbox 236 893 280 957; x_wconf 90' lang='lat' dir='ltr'>Ut</span> <span class='ocrx_word' id='word_1_40' title='bbox 302 906 518 970; x_wconf 78' lang='lat' dir='ltr'>responsurae</span> <span class='ocrx_word' id='word_1_41' title='bbox 541 883 666 968; x_wconf 86' lang='lat' dir='ltr'>singula</span> <span class='ocrx_word' id='word_1_42' title='bbox 688 884 788 945; x_wconf 84' lang='lat' dir='ltr'>rerba</span> <span class='ocrx_word' id='word_1_43' title='bbox 810 881 890 944; x_wconf 89' lang='lat' dir='ltr'>iace.</span> 
     </span>
    </p>

    <p class='ocr_par' dir='ltr' id='par_1_5' title="bbox 173 975 983 1160">
     <span class='ocr_line' id='line_1_8' title="bbox 173 975 983 1060; baseline -0.019 -1"><span class='ocrx_word' id='word_1_44' title='bbox 173 975 238 1060; x_wconf 89' lang='lat' dir='ltr'>Seu</span> <span class='ocrx_word' id='word_1_45' title='bbox 259 1005 366 1056; x_wconf 87' lang='lat' dir='ltr'>tamen</span> <span class='ocrx_word' id='word_1_46' title='bbox 389 992 557 1053; x_wconf 87' lang='lat' dir='ltr'>adversum</span> <span class='ocrx_word' id='word_1_47' title='bbox 581 984 709 1048; x_wconf 90' lang='lat' dir='ltr'>mutarit</span> <span class='ocrx_word' id='word_1_48' title='bbox 730 983 824 1046; x_wconf 88' lang='lat' dir='ltr'>ianua</span> <span class='ocrx_word' id='word_1_49' title='bbox 846 983 983 1056; x_wconf 88' lang='lat' dir='ltr'>lectum,</span> 
     </span>
     <span class='ocr_line' id='line_1_9' title="bbox 236 1092 951 1160; baseline -0.015 -1"><span class='ocrx_word' id='word_1_50' title='bbox 236 1092 363 1159; x_wconf 85' lang='lat' dir='ltr'>Sederit</span> <span class='ocrx_word' id='word_1_51' title='bbox 385 1102 416 1155; x_wconf 95' lang='lat' dir='ltr'>et</span> <span class='ocrx_word' id='word_1_52' title='bbox 440 1102 552 1155; x_wconf 89' lang='lat' dir='ltr'>nostro</span> <span class='ocrx_word' id='word_1_53' title='bbox 576 1099 668 1150; x_wconf 91' lang='lat' dir='ltr'>cauta</span> <span class='ocrx_word' id='word_1_54' title='bbox 689 1107 833 1149; x_wconf 86' lang='lat' dir='ltr'>noverca</span> <span class='ocrx_word' id='word_1_55' title='bbox 856 1096 951 1160; x_wconf 90' lang='lat' dir='ltr'>toro,</span> 
     </span>
    </p>

    <p class='ocr_par' dir='ltr' id='par_1_6' title="bbox 172 1186 1058 1382">
     <span class='ocr_line' id='line_1_10' title="bbox 172 1186 1058 1280; baseline -0.017 -18"><span class='ocrx_word' id='word_1_56' title='bbox 172 1196 389 1280; x_wconf 84' lang='lat' dir='ltr'>Coniugium,</span> <span class='ocrx_word' id='word_1_57' title='bbox 405 1193 529 1277; x_wconf 83' lang='lat' dir='ltr'>pueri,</span> <span class='ocrx_word' id='word_1_58' title='bbox 553 1193 678 1254; x_wconf 84' lang='lat' dir='ltr'>landate</span> <span class='ocrx_word' id='word_1_59' title='bbox 700 1199 732 1251; x_wconf 86' lang='lat' dir='ltr'>et</span> <span class='ocrx_word' id='word_1_60' title='bbox 753 1186 838 1251; x_wconf 78' lang='lat' dir='ltr'>ferte</span> <span class='ocrx_word' id='word_1_61' title='bbox 861 1200 1058 1270; x_wconf 82' lang='lat' dir='ltr'>paternnm3</span> 
     </span>
     <span class='ocr_line' id='line_1_11' title="bbox 236 1288 980 1382; baseline -0.015 -19"><span class='ocrx_word' id='word_1_62' title='bbox 236 1297 343 1382; x_wconf 85' lang='lat' dir='ltr'>Capta</span> <span class='ocrx_word' id='word_1_63' title='bbox 365 1297 452 1359; x_wconf 91' lang='lat' dir='ltr'>dabit</span> <span class='ocrx_word' id='word_1_64' title='bbox 475 1293 592 1358; x_wconf 87' lang='lat' dir='ltr'>vestris</span> <span class='ocrx_word' id='word_1_65' title='bbox 616 1291 760 1355; x_wconf 90' lang='lat' dir='ltr'>moribus</span> <span class='ocrx_word' id='word_1_66' title='bbox 782 1288 836 1353; x_wconf 87' lang='lat' dir='ltr'>illa</span> <span class='ocrx_word' id='word_1_67' title='bbox 858 1311 980 1352; x_wconf 87' lang='lat' dir='ltr'>manus.</span> 
     </span>
    </p>

    <p class='ocr_par' dir='ltr' id='par_1_7' title="bbox 174 1392 946 1579">
     <span class='ocr_line' id='line_1_12' title="bbox 174 1392 946 1474; baseline -0.014 -9"><span class='ocrx_word' id='word_1_68' title='bbox 174 1405 243 1465; x_wconf 87' lang='lat' dir='ltr'>Nee</span> <span class='ocrx_word' id='word_1_69' title='bbox 265 1412 395 1463; x_wconf 88' lang='lat' dir='ltr'>matrem</span> <span class='ocrx_word' id='word_1_70' title='bbox 419 1397 545 1460; x_wconf 84' lang='lat' dir='ltr'>laudate</span> <span class='ocrx_word' id='word_1_71' title='bbox 568 1394 679 1458; x_wconf 84' lang='lat' dir='ltr'>nimis:</span> <span class='ocrx_word' id='word_1_72' title='bbox 703 1393 820 1456; x_wconf 86' lang='lat' dir='ltr'>collata</span> <span class='ocrx_word' id='word_1_73' title='bbox 842 1392 946 1474; x_wconf 82' lang='lat' dir='ltr'><strong>priori</strong></span> 
     </span>
     <span class='ocr_line' id='line_1_13' title="bbox 235 1496 920 1579; baseline -0.018 -8"><span class='ocrx_word' id='word_1_74' title='bbox 235 1508 349 1571; x_wconf 82' lang='lat' dir='ltr'>Vertat</span> <span class='ocrx_word' id='word_1_75' title='bbox 370 1500 403 1563; x_wconf 91' lang='lat' dir='ltr'>in</span> <span class='ocrx_word' id='word_1_76' title='bbox 424 1500 564 1579; x_wconf 82' lang='lat' dir='ltr'>offensas</span> <span class='ocrx_word' id='word_1_77' title='bbox 584 1496 687 1560; x_wconf 89' lang='lat' dir='ltr'>libera</span> <span class='ocrx_word' id='word_1_78' title='bbox 710 1497 810 1558; x_wconf 87' lang='lat' dir='ltr'>verba</span> <span class='ocrx_word' id='word_1_79' title='bbox 831 1516 920 1559; x_wconf 87' lang='lat' dir='ltr'>suas.</span> 
     </span>
    </p>

    <p class='ocr_par' dir='ltr' id='par_1_8' title="bbox 173 1594 1048 1776">
     <span class='ocr_line' id='line_1_14' title="bbox 173 1594 1048 1669; baseline -0.009 -1"><span class='ocrx_word' id='word_1_80' title='bbox 173 1609 236 1669; x_wconf 88' lang='lat' dir='ltr'>Seu</span> <span class='ocrx_word' id='word_1_81' title='bbox 259 1624 382 1667; x_wconf 86' lang='lat' dir='ltr'>memor</span> <span class='ocrx_word' id='word_1_82' title='bbox 401 1594 455 1665; x_wconf 86' lang='lat' dir='ltr'>ille</span> <span class='ocrx_word' id='word_1_83' title='bbox 479 1596 548 1664; x_wconf 85' lang='lat' dir='ltr'>mea</span> <span class='ocrx_word' id='word_1_84' title='bbox 570 1608 739 1663; x_wconf 88' lang='lat' dir='ltr'>contentus</span> <span class='ocrx_word' id='word_1_85' title='bbox 763 1598 913 1661; x_wconf 75' lang='lat' dir='ltr'>manserit</span> <span class='ocrx_word' id='word_1_86' title='bbox 934 1599 1048 1660; x_wconf 88' lang='lat' dir='ltr'>umbra</span> 
     </span>
     <span class='ocr_line' id='line_1_15' title="bbox 236 1701 895 1776; baseline -0.012 -6"><span class='ocrx_word' id='word_1_87' title='bbox 236 1707 281 1770; x_wconf 93' lang='lat' dir='ltr'>Et</span> <span class='ocrx_word' id='word_1_88' title='bbox 301 1703 381 1768; x_wconf 88' lang='lat' dir='ltr'>tanti</span> <span class='ocrx_word' id='word_1_89' title='bbox 403 1704 526 1767; x_wconf 89' lang='lat' dir='ltr'>eineres</span> <span class='ocrx_word' id='word_1_90' title='bbox 549 1701 676 1764; x_wconf 82' lang='lat' dir='ltr'>diixerit</span> <span class='ocrx_word' id='word_1_91' title='bbox 698 1721 768 1763; x_wconf 88' lang='lat' dir='ltr'>esse</span> <span class='ocrx_word' id='word_1_92' title='bbox 791 1721 895 1776; x_wconf 89' lang='lat' dir='ltr'>meos,</span> 
     </span>
    </p>

    <p class='ocr_par' dir='ltr' id='par_1_9' title="bbox 172 1794 1019 1976">
     <span class='ocr_line' id='line_1_16' title="bbox 172 1794 1019 1879; baseline -0.011 -6"><span class='ocrx_word' id='word_1_93' title='bbox 172 1808 295 1874; x_wconf 85' lang='lat' dir='ltr'>Discite</span> <span class='ocrx_word' id='word_1_94' title='bbox 319 1814 494 1870; x_wconf 84' lang='lat' dir='ltr'>venturam</span> <span class='ocrx_word' id='word_1_95' title='bbox 507 1803 569 1867; x_wconf 87' lang='lat' dir='ltr'>iam</span> <span class='ocrx_word' id='word_1_96' title='bbox 592 1794 677 1866; x_wconf 83' lang='lat' dir='ltr'>niinc</span> <span class='ocrx_word' id='word_1_97' title='bbox 698 1804 816 1865; x_wconf 88' lang='lat' dir='ltr'>sentire</span> <span class='ocrx_word' id='word_1_98' title='bbox 839 1814 1019 1879; x_wconf 88' lang='lat' dir='ltr'>senectam,</span> 
     </span>
     <span class='ocr_line' id='line_1_17' title="bbox 235 1905 933 1976; baseline -0.011 0"><span class='ocrx_word' id='word_1_99' title='bbox 235 1909 383 1976; x_wconf 88' lang='lat' dir='ltr'>Coelibis</span> <span class='ocrx_word' id='word_1_100' title='bbox 406 1911 444 1970; x_wconf 88' lang='lat' dir='ltr'>ad</span> <span class='ocrx_word' id='word_1_101' title='bbox 466 1928 560 1970; x_wconf 90' lang='lat' dir='ltr'>curas</span> <span class='ocrx_word' id='word_1_102' title='bbox 583 1927 643 1968; x_wconf 88' lang='lat' dir='ltr'>nec</span> <span class='ocrx_word' id='word_1_103' title='bbox 666 1917 759 1968; x_wconf 84' lang='lat' dir='ltr'>vacet</span> <span class='ocrx_word' id='word_1_104' title='bbox 781 1906 846 1968; x_wconf 89' lang='lat' dir='ltr'>ulla</span> <span class='ocrx_word' id='word_1_105' title='bbox 867 1905 933 1968; x_wconf 87' lang='lat' dir='ltr'>via.</span> 
     </span>
    </p>

    <p class='ocr_par' dir='ltr' id='par_1_10' title="bbox 172 2010 1290 2179">
     <span class='ocr_line' id='line_1_18' title="bbox 172 2010 1290 2095; baseline -0.004 -18"><span class='ocrx_word' id='word_1_106' title='bbox 172 2014 269 2095; x_wconf 82' lang='lat' dir='ltr'>Quod</span> <span class='ocrx_word' id='word_1_107' title='bbox 291 2011 367 2075; x_wconf 91' lang='lat' dir='ltr'>mihi</span> <span class='ocrx_word' id='word_1_108' title='bbox 388 2013 564 2073; x_wconf 85' lang='lat' dir='ltr'>detractum</span> <span class='ocrx_word' id='word_1_109' title='bbox 587 2020 655 2084; x_wconf 90' lang='lat' dir='ltr'>cst,</span> <span class='ocrx_word' id='word_1_110' title='bbox 680 2018 807 2071; x_wconf 87' lang='lat' dir='ltr'>vestros</span> <span class='ocrx_word' id='word_1_111' title='bbox 830 2012 960 2071; x_wconf 87' lang='lat' dir='ltr'>accedat</span> <span class='ocrx_word' id='word_1_112' title='bbox 983 2011 1023 2071; x_wconf 91' lang='lat' dir='ltr'>ad</span> <span class='ocrx_word' id='word_1_113' title='bbox 1045 2029 1164 2073; x_wconf 86' lang='lat' dir='ltr'>anuos:</span> <span class='ocrx_word' id='word_1_114' title='bbox 1250 2010 1290 2073; x_wconf 83' lang='lat'>95</span> 
     </span>
     <span class='ocr_line' id='line_1_19' title="bbox 234 2109 1010 2179; baseline -0.005 0"><span class='ocrx_word' id='word_1_115' title='bbox 234 2115 336 2179; x_wconf 87' lang='lat' dir='ltr'>Prole</span> <span class='ocrx_word' id='word_1_116' title='bbox 359 2134 427 2176; x_wconf 90' lang='lat' dir='ltr'>mea</span> <span class='ocrx_word' id='word_1_117' title='bbox 449 2112 597 2176; x_wconf 82' lang='lat' dir='ltr'><strong>Paullum</strong></span> <span class='ocrx_word' id='word_1_118' title='bbox 618 2110 666 2173; x_wconf 92' lang='lat' dir='ltr'>sic</span> <span class='ocrx_word' id='word_1_119' title='bbox 687 2109 775 2172; x_wconf 87' lang='lat' dir='ltr'>iuvet</span> <span class='ocrx_word' id='word_1_120' title='bbox 797 2131 868 2173; x_wconf 90' lang='lat' dir='ltr'>esse</span> <span class='ocrx_word' id='word_1_121' title='bbox 889 2132 1010 2176; x_wconf 89' lang='lat' dir='ltr'>senem.</span> 
     </span>
    </p>

    <p class='ocr_par' dir='ltr' id='par_1_11' title="bbox 174 2212 1099 2399">
     <span class='ocr_line' id='line_1_20' title="bbox 174 2212 1099 2296; baseline -0.004 -16"><span class='ocrx_word' id='word_1_122' title='bbox 174 2218 219 2281; x_wconf 89' lang='lat' dir='ltr'>Et</span> <span class='ocrx_word' id='word_1_123' title='bbox 240 2218 322 2279; x_wconf 88' lang='lat' dir='ltr'>bene</span> <span class='ocrx_word' id='word_1_124' title='bbox 343 2217 457 2277; x_wconf 82' lang='lat' dir='ltr'>habet:</span> <span class='ocrx_word' id='word_1_125' title='bbox 481 2234 642 2296; x_wconf 88' lang='lat' dir='ltr'>nunqnam</span> <span class='ocrx_word' id='word_1_126' title='bbox 664 2222 766 2274; x_wconf 86' lang='lat' dir='ltr'>mater</span> <span class='ocrx_word' id='word_1_127' title='bbox 789 2212 940 2296; x_wconf 86' lang='lat' dir='ltr'>lugubria</span> <span class='ocrx_word' id='word_1_128' title='bbox 962 2213 1099 2296; x_wconf 83' lang='lat' dir='ltr'>sumpsi3</span> 
     </span>
     <span class='ocr_line' id='line_1_21' title="bbox 233 2314 944 2399; baseline -0.001 -20"><span class='ocrx_word' id='word_1_129' title='bbox 233 2317 335 2380; x_wconf 88' lang='lat' dir='ltr'>Venit</span> <span class='ocrx_word' id='word_1_130' title='bbox 355 2316 387 2380; x_wconf 92' lang='lat' dir='ltr'>in</span> <span class='ocrx_word' id='word_1_131' title='bbox 411 2314 579 2399; x_wconf 82' lang='lat' dir='ltr'>exsequias</span> <span class='ocrx_word' id='word_1_132' title='bbox 602 2326 669 2380; x_wconf 82' lang='lat' dir='ltr'>tota</span> <span class='ocrx_word' id='word_1_133' title='bbox 691 2325 822 2378; x_wconf 84' lang='lat' dir='ltr'>caterva</span> <span class='ocrx_word' id='word_1_134' title='bbox 844 2336 944 2379; x_wconf 88' lang='lat' dir='ltr'>meas.</span> 
     </span>
    </p>
   </div>
   <div class='ocr_carea' id='block_1_3' title="bbox 171 2417 1294 2792">
    <p class='ocr_par' dir='ltr' id='par_1_12' title="bbox 173 2417 1100 2502">
     <span class='ocr_line' id='line_1_22' title="bbox 173 2417 1100 2502; baseline -0.002 -17"><span class='ocrx_word' id='word_1_135' title='bbox 173 2420 279 2487; x_wconf 87' lang='lat' dir='ltr'>Causa</span> <span class='ocrx_word' id='word_1_136' title='bbox 301 2429 453 2501; x_wconf 89' lang='lat' dir='ltr'>perorata</span> <span class='ocrx_word' id='word_1_137' title='bbox 474 2428 536 2481; x_wconf 86' lang='lat' dir='ltr'>est.</span> <span class='ocrx_word' id='word_1_138' title='bbox 581 2417 713 2479; x_wconf 89' lang='lat' dir='ltr'>Flentes</span> <span class='ocrx_word' id='word_1_139' title='bbox 736 2438 784 2479; x_wconf 85' lang='lat' dir='ltr'>me</span> <span class='ocrx_word' id='word_1_140' title='bbox 807 2418 954 2502; x_wconf 85' lang='lat' dir='ltr'>surgite,</span> <span class='ocrx_word' id='word_1_141' title='bbox 979 2429 1100 2496; x_wconf 86' lang='lat' dir='ltr'>testes,</span> 
     </span>
    </p>

    <p class='ocr_par' dir='ltr' id='par_1_13' title="bbox 171 2519 1294 2706">
     <span class='ocr_line' id='line_1_23' title="bbox 233 2519 1294 2604; baseline -0.002 -20"><span class='ocrx_word' id='word_1_142' title='bbox 233 2522 319 2584; x_wconf 91' lang='lat' dir='ltr'>Dum</span> <span class='ocrx_word' id='word_1_143' title='bbox 342 2519 480 2603; x_wconf 89' lang='lat' dir='ltr'>pretinm</span> <span class='ocrx_word' id='word_1_144' title='bbox 504 2519 588 2582; x_wconf 85' lang='lat' dir='ltr'>vitae</span> <span class='ocrx_word' id='word_1_145' title='bbox 611 2530 705 2604; x_wconf 87' lang='lat' dir='ltr'>grata</span> <span class='ocrx_word' id='word_1_146' title='bbox 725 2520 871 2602; x_wconf 85' lang='lat' dir='ltr'>repondit</span> <span class='ocrx_word' id='word_1_147' title='bbox 892 2523 1017 2586; x_wconf 86' lang='lat' dir='ltr'>humus.</span> <span class='ocrx_word' id='word_1_148' title='bbox 1232 2523 1294 2583; x_wconf 84' lang='lat'>100</span> 
     </span>
     <span class='ocr_line' id='line_1_24' title="bbox 171 2621 1070 2706; baseline 0 -18"><span class='ocrx_word' id='word_1_149' title='bbox 171 2625 326 2688; x_wconf 88' lang='lat' dir='ltr'>Moribus</span> <span class='ocrx_word' id='word_1_150' title='bbox 350 2635 382 2686; x_wconf 86' lang='lat' dir='ltr'>et</span> <span class='ocrx_word' id='word_1_151' title='bbox 405 2623 526 2686; x_wconf 86' lang='lat' dir='ltr'>caelum</span> <span class='ocrx_word' id='word_1_152' title='bbox 550 2621 673 2704; x_wconf 86' lang='lat' dir='ltr'>patuit:</span> <span class='ocrx_word' id='word_1_153' title='bbox 699 2621 756 2684; x_wconf 90' lang='lat' dir='ltr'>sim</span> <span class='ocrx_word' id='word_1_154' title='bbox 780 2622 875 2706; x_wconf 86' lang='lat' dir='ltr'>digua</span> <span class='ocrx_word' id='word_1_155' title='bbox 898 2627 1070 2700; x_wconf 87' lang='lat' dir='ltr'>merendo,</span> 
     </span>
    </p>

    <p class='ocr_par' dir='ltr' id='par_1_14' title="bbox 235 2722 913 2792">
     <span class='ocr_line' id='line_1_25' title="bbox 235 2722 913 2792; baseline -0.004 -1"><span class='ocrx_word' id='word_1_156' title='bbox 235 2725 337 2792; x_wconf 89' lang='lat' dir='ltr'>Cuius</span> <span class='ocrx_word' id='word_1_157' title='bbox 358 2722 527 2789; x_wconf 90' lang='lat' dir='ltr'>honoratis</span> <span class='ocrx_word' id='word_1_158' title='bbox 551 2745 628 2787; x_wconf 87' lang='lat' dir='ltr'>ossa</span> <span class='ocrx_word' id='word_1_159' title='bbox 651 2726 809 2788; x_wconf 86' lang='lat' dir='ltr'>vehantur</span> <span class='ocrx_word' id='word_1_160' title='bbox 831 2724 913 2788; x_wconf 88' lang='lat' dir='ltr'>avis.</span> 
     </span>
    </p>
   </div>
   <div class='ocr_carea' id='block_1_4' title="bbox 169 2914 1294 3463">
    <p class='ocr_par' dir='ltr' id='par_1_15' title="bbox 169 2914 1294 3463">
     <span class='ocr_line' id='line_1_26' title="bbox 241 2914 1294 2975; baseline -0.001 -10"><span class='ocrx_word' id='word_1_161' title='bbox 241 2916 283 2965; x_wconf 72' lang='lat'>79.</span> <span class='ocrx_word' id='word_1_162' title='bbox 302 2919 376 2963; x_wconf 83' lang='lat' dir='ltr'>Recte</span> <span class='ocrx_word' id='word_1_163' title='bbox 393 2919 429 2962; x_wconf 86' lang='lat' dir='ltr'>sie</span> <span class='ocrx_word' id='word_1_164' title='bbox 443 2918 552 2962; x_wconf 81' lang='lat' dir='ltr'>distinxit</span> <span class='ocrx_word' id='word_1_165' title='bbox 569 2914 616 2961; x_wconf 76' lang='lat' dir='ltr'>La.</span> <span class='ocrx_word' id='word_1_166' title='bbox 640 2918 677 2972; x_wconf 80' lang='lat' dir='ltr'>„si</span> <span class='ocrx_word' id='word_1_167' title='bbox 696 2919 736 2975; x_wconf 88' lang='lat' dir='ltr'>qui</span> <span class='ocrx_word' id='word_1_168' title='bbox 757 2919 884 2963; x_wconf 83' lang='lat' dir='ltr'>dolendum</span> <span class='ocrx_word' id='word_1_169' title='bbox 905 2918 994 2973; x_wconf 83' lang='lat' dir='ltr'>habes,</span> <span class='ocrx_word' id='word_1_170' title='bbox 1015 2919 1070 2963; x_wconf 89' lang='lat' dir='ltr'>dole</span> <span class='ocrx_word' id='word_1_171' title='bbox 1089 2919 1113 2962; x_wconf 91' lang='lat' dir='ltr'>id</span> <span class='ocrx_word' id='word_1_172' title='bbox 1129 2921 1190 2964; x_wconf 62' lang='lat' dir='ltr'>cssaui</span> <span class='ocrx_word' id='word_1_173' title='bbox 1210 2920 1294 2965; x_wconf 85' lang='lat' dir='ltr'>itloe.&#39;¹</span> 
     </span>
     <span class='ocr_line' id='line_1_27' title="bbox 171 2985 1292 3047; baseline -0.001 -12"><span class='ocrx_word' id='word_1_174' title='bbox 171 2989 251 3047; x_wconf 73' lang='lat' dir='ltr'>Vulgo</span> <span class='ocrx_word' id='word_1_175' title='bbox 278 2989 396 3046; x_wconf 72' lang='lat' dir='ltr'>iungunt:</span> <span class='ocrx_word' id='word_1_176' title='bbox 428 2987 454 3031; x_wconf 78' lang='lat' dir='ltr'>ei</span> <span class='ocrx_word' id='word_1_177' title='bbox 486 2985 546 3045; x_wconf 83' lang='lat' dir='ltr'>quid</span> <span class='ocrx_word' id='word_1_178' title='bbox 574 2985 700 3031; x_wconf 73' lang='lat' dir='ltr'>doliturus</span> <span class='ocrx_word' id='word_1_179' title='bbox 727 2987 779 3032; x_wconf 79' lang='lat' dir='ltr'>eris</span> <span class='ocrx_word' id='word_1_180' title='bbox 812 2988 869 3032; x_wconf 82' lang='lat' dir='ltr'>eine</span> <span class='ocrx_word' id='word_1_181' title='bbox 898 2987 1004 3032; x_wconf 76' lang='lat' dir='ltr'>tectibus</span> <span class='ocrx_word' id='word_1_182' title='bbox 1031 2988 1103 3041; x_wconf 73' lang='lat' dir='ltr'>tute,</span> <span class='ocrx_word' id='word_1_183' title='bbox 1139 3001 1213 3047; x_wconf 80' lang='lat' dir='ltr'>quern</span> <span class='ocrx_word' id='word_1_184' title='bbox 1243 2995 1292 3035; x_wconf 87' lang='lat' dir='ltr'>cet.</span> 
     </span>
     <span class='ocr_line' id='line_1_28' title="bbox 171 3053 1293 3114; baseline -0.001 -10"><span class='ocrx_word' id='word_1_185' title='bbox 171 3056 213 3104; x_wconf 86' lang='grc'>82.</span> <span class='ocrx_word' id='word_1_186' title='bbox 234 3056 333 3101; x_wconf 81' lang='lat' dir='ltr'>redditu</span> <span class='ocrx_word' id='word_1_187' title='bbox 353 3055 442 3100; x_wconf 73' lang='lat' dir='ltr'>Graes.</span> <span class='ocrx_word' id='word_1_188' title='bbox 467 3058 532 3111; x_wconf 82' lang='lat' dir='ltr'>coni.</span> <span class='ocrx_word' id='word_1_189' title='bbox 597 3053 640 3104; x_wconf 81' lang='lat'>85.</span> <span class='ocrx_word' id='word_1_190' title='bbox 659 3057 744 3114; x_wconf 84' lang='lat' dir='ltr'>„Quae</span> <span class='ocrx_word' id='word_1_191' title='bbox 764 3058 938 3102; x_wconf 83' lang='lat' dir='ltr'>conveniebant</span> <span class='ocrx_word' id='word_1_192' title='bbox 956 3058 980 3101; x_wconf 93' lang='lat' dir='ltr'>in</span> <span class='ocrx_word' id='word_1_193' title='bbox 1002 3071 1099 3102; x_wconf 80' lang='lat' dir='ltr'>inanum</span> <span class='ocrx_word' id='word_1_194' title='bbox 1117 3058 1179 3112; x_wconf 82' lang='lat' dir='ltr'>viri,</span> <span class='ocrx_word' id='word_1_195' title='bbox 1205 3060 1293 3103; x_wconf 83' lang='lat' dir='ltr'>lectum</span> 
     </span>
     <span class='ocr_line' id='line_1_29' title="bbox 169 3122 1294 3186; baseline 0.003 -16"><span class='ocrx_word' id='word_1_196' title='bbox 169 3127 309 3186; x_wconf 73' lang='lat' dir='ltr'>(genialem</span> <span class='ocrx_word' id='word_1_197' title='bbox 336 3126 421 3169; x_wconf 81' lang='lat' dir='ltr'>Horat.</span> <span class='ocrx_word' id='word_1_198' title='bbox 448 3124 493 3182; x_wconf 82' lang='lat' dir='ltr'>Ep.</span> <span class='ocrx_word' id='word_1_199' title='bbox 515 3124 539 3179; x_wconf 92' lang='lat'>1,</span> <span class='ocrx_word' id='word_1_200' title='bbox 570 3122 594 3179; x_wconf 91' lang='lat'>1,</span> <span class='ocrx_word' id='word_1_201' title='bbox 619 3123 676 3182; x_wconf 79' lang='lat'><strong>87.)</strong></span> <span class='ocrx_word' id='word_1_202' title='bbox 707 3127 753 3170; x_wconf 90' lang='lat' dir='ltr'>sibi</span> <span class='ocrx_word' id='word_1_203' title='bbox 771 3128 912 3172; x_wconf 79' lang='lat' dir='ltr'>sternebant</span> <span class='ocrx_word' id='word_1_204' title='bbox 932 3127 956 3171; x_wconf 88' lang='lat' dir='ltr'>in</span> <span class='ocrx_word' id='word_1_205' title='bbox 974 3127 1047 3181; x_wconf 87' lang='lat' dir='ltr'>atrio,</span> <span class='ocrx_word' id='word_1_206' title='bbox 1076 3141 1147 3183; x_wconf 85' lang='lat' dir='ltr'>quem</span> <span class='ocrx_word' id='word_1_207' title='bbox 1165 3131 1294 3173; x_wconf 80' lang='lat' dir='ltr'>adversum</span> 
     </span>
     <span class='ocr_line' id='line_1_30' title="bbox 170 3194 1292 3255; baseline 0.002 -15"><span class='ocrx_word' id='word_1_208' title='bbox 170 3196 305 3248; x_wconf 80' lang='lat' dir='ltr'>vocabant,</span> <span class='ocrx_word' id='word_1_209' title='bbox 334 3196 390 3251; x_wconf 85' lang='lat' dir='ltr'>quia</span> <span class='ocrx_word' id='word_1_210' title='bbox 411 3209 423 3239; x_wconf 89' lang='lat' dir='ltr'>e</span> <span class='ocrx_word' id='word_1_211' title='bbox 444 3195 544 3253; x_wconf 79' lang='lat' dir='ltr'>regione</span> <span class='ocrx_word' id='word_1_212' title='bbox 564 3194 648 3239; x_wconf 87' lang='lat' dir='ltr'>ianuae</span> <span class='ocrx_word' id='word_1_213' title='bbox 670 3201 743 3244; x_wconf 87' lang='lat' dir='ltr'>esset.</span> <span class='ocrx_word' id='word_1_214' title='bbox 786 3198 860 3241; x_wconf 87' lang='lat' dir='ltr'>Ianua</span> <span class='ocrx_word' id='word_1_215' title='bbox 879 3197 966 3240; x_wconf 88' lang='lat' dir='ltr'>dicitnr</span> <span class='ocrx_word' id='word_1_216' title='bbox 988 3202 1081 3240; x_wconf 82' lang='lat' dir='ltr'>tuntare</span> <span class='ocrx_word' id='word_1_217' title='bbox 1101 3197 1210 3250; x_wconf 81' lang='lat' dir='ltr'>lectum,</span> <span class='ocrx_word' id='word_1_218' title='bbox 1231 3211 1292 3255; x_wconf 85' lang='lat' dir='ltr'>qnae</span> 
     </span>
     <span class='ocr_line' id='line_1_31' title="bbox 171 3265 1293 3321; baseline 0.002 -12"><span class='ocrx_word' id='word_1_219' title='bbox 171 3265 236 3310; x_wconf 83' lang='lat' dir='ltr'>ridet</span> <span class='ocrx_word' id='word_1_220' title='bbox 255 3265 329 3308; x_wconf 86' lang='lat' dir='ltr'>aliurn</span> <span class='ocrx_word' id='word_1_221' title='bbox 354 3265 590 3309; x_wconf 77' lang='lat' dir='ltr'>adversumtectuiu</span> <span class='ocrx_word' id='word_1_222' title='bbox 605 3265 629 3308; x_wconf 88' lang='lat' dir='ltr'>in</span> <span class='ocrx_word' id='word_1_223' title='bbox 648 3267 727 3310; x_wconf 84' lang='lat' dir='ltr'>locum</span> <span class='ocrx_word' id='word_1_224' title='bbox 745 3267 854 3321; x_wconf 84' lang='lat' dir='ltr'>prioris,</span> <span class='ocrx_word' id='word_1_225' title='bbox 882 3280 943 3310; x_wconf 81' lang='lat' dir='ltr'>nota</span> <span class='ocrx_word' id='word_1_226' title='bbox 967 3267 1021 3311; x_wconf 84' lang='lat' dir='ltr'>scil.</span> <span class='ocrx_word' id='word_1_227' title='bbox 1043 3278 1119 3309; x_wconf 82' lang='lat' dir='ltr'>uxore</span> <span class='ocrx_word' id='word_1_228' title='bbox 1138 3267 1235 3310; x_wconf 86' lang='lat' dir='ltr'>domum</span> <span class='ocrx_word' id='word_1_229' title='bbox 1250 3268 1293 3311; x_wconf 91' lang='lat' dir='ltr'>dn-</span> 
     </span>
     <span class='ocr_line' id='line_1_32' title="bbox 171 3332 1292 3392; baseline 0.002 -14"><span class='ocrx_word' id='word_1_230' title='bbox 171 3333 236 3379; x_wconf 80' lang='lat' dir='ltr'>cta.”</span> <span class='ocrx_word' id='word_1_231' title='bbox 255 3333 344 3392; x_wconf 80' lang='lat' dir='ltr'>Scatig.</span> <span class='ocrx_word' id='word_1_232' title='bbox 363 3333 410 3377; x_wconf 82' lang='lat' dir='ltr'>cfr.</span> <span class='ocrx_word' id='word_1_233' title='bbox 429 3333 519 3378; x_wconf 79' lang='lat' dir='ltr'>Aaron.</span> <span class='ocrx_word' id='word_1_234' title='bbox 532 3335 562 3378; x_wconf 87' lang='lat' dir='ltr'>ad</span> <span class='ocrx_word' id='word_1_235' title='bbox 579 3335 707 3380; x_wconf 73' lang='lat' dir='ltr'>Miloniano.</span> <span class='ocrx_word' id='word_1_236' title='bbox 728 3335 758 3381; x_wconf 84' lang='lat' dir='ltr'>G.</span> <span class='ocrx_word' id='word_1_237' title='bbox 779 3332 803 3381; x_wconf 88' lang='lat'>5.</span> <span class='ocrx_word' id='word_1_238' title='bbox 823 3335 954 3379; x_wconf 83' lang='lat' dir='ltr'>Laberium</span> <span class='ocrx_word' id='word_1_239' title='bbox 972 3349 1011 3391; x_wconf 83' lang='lat' dir='ltr'>ap.</span> <span class='ocrx_word' id='word_1_240' title='bbox 1032 3334 1098 3379; x_wconf 79' lang='lat' dir='ltr'>Gen.</span> <span class='ocrx_word' id='word_1_241' title='bbox 1122 3333 1169 3389; x_wconf 87' lang='grc'>16,</span> <span class='ocrx_word' id='word_1_242' title='bbox 1190 3333 1214 3382; x_wconf 82' lang='grc'>9.</span> <span class='ocrx_word' id='word_1_243' title='bbox 1234 3333 1292 3380; x_wconf 81' lang='lat' dir='ltr'>Ma·</span> 
     </span>
     <span class='ocr_line' id='line_1_33' title="bbox 171 3402 1291 3463; baseline 0.002 -15"><span class='ocrx_word' id='word_1_244' title='bbox 171 3409 209 3448; x_wconf 83' lang='lat' dir='ltr'>ter</span> <span class='ocrx_word' id='word_1_245' title='bbox 220 3403 343 3463; x_wconf 76' lang='lat' dir='ltr'>jemiliua</span> <span class='ocrx_word' id='word_1_246' title='bbox 361 3408 405 3447; x_wconf 81' lang='lat' dir='ltr'>tun</span> <span class='ocrx_word' id='word_1_247' title='bbox 423 3403 450 3447; x_wconf 83' lang='lat' dir='ltr'>in</span> <span class='ocrx_word' id='word_1_248' title='bbox 468 3404 532 3447; x_wconf 86' lang='lat' dir='ltr'>lecto</span> <span class='ocrx_word' id='word_1_249' title='bbox 549 3402 655 3449; x_wconf 81' lang='lat' dir='ltr'>udrereo</span> <span class='ocrx_word' id='word_1_250' title='bbox 672 3403 755 3459; x_wconf 78' lang='lat' dir='ltr'>cedet,</span> <span class='ocrx_word' id='word_1_251' title='bbox 778 3409 802 3449; x_wconf 83' lang='lat' dir='ltr'>et</span> <span class='ocrx_word' id='word_1_252' title='bbox 819 3406 929 3463; x_wconf 68' lang='lat' dir='ltr'>Btittrger</span> <span class='ocrx_word' id='word_1_253' title='bbox 947 3405 1048 3449; x_wconf 74' lang='lat' dir='ltr'>Atdobr.</span> <span class='ocrx_word' id='word_1_254' title='bbox 1060 3404 1177 3449; x_wconf 78' lang='lat' dir='ltr'>Hocbzeit</span> <span class='ocrx_word' id='word_1_255' title='bbox 1193 3418 1215 3459; x_wconf 91' lang='lat' dir='ltr'>p.</span> <span class='ocrx_word' id='word_1_256' title='bbox 1231 3402 1291 3450; x_wconf 85' lang='grc'><strong>125.</strong></span> 
     </span>
    </p>
   </div>
   <div class='ocr_carea' id='block_1_5' title="bbox 173 3467 1382 3530">
    <p class='ocr_par' dir='ltr' id='par_1_16' title="bbox 173 3467 1382 3530">
     <span class='ocr_line' id='line_1_34' title="bbox 173 3467 1382 3530; baseline 0 -12"><span class='ocrx_word' id='word_1_257' title='bbox 173 3467 215 3519; x_wconf 80' lang='grc'>93.</span> <span class='ocrx_word' id='word_1_258' title='bbox 233 3473 315 3518; x_wconf 79' lang='lat' dir='ltr'>lenire</span> <span class='ocrx_word' id='word_1_259' title='bbox 332 3471 412 3518; x_wconf 78' lang='lat' dir='ltr'>Anon.</span> <span class='ocrx_word' id='word_1_260' title='bbox 432 3494 462 3505; x_wconf 96' lang='lat'>-</span> <span class='ocrx_word' id='word_1_261' title='bbox 481 3474 583 3529; x_wconf 75' lang='lat' dir='ltr'>saepire</span> <span class='ocrx_word' id='word_1_262' title='bbox 600 3474 683 3519; x_wconf 86' lang='lat' dir='ltr'>Heius.</span> <span class='ocrx_word' id='word_1_263' title='bbox 705 3497 738 3508; x_wconf 92' lang='lat'>-</span> <span class='ocrx_word' id='word_1_264' title='bbox 756 3474 864 3528; x_wconf 63' lang='lat' dir='ltr'>„sentire</span> <span class='ocrx_word' id='word_1_265' title='bbox 881 3487 951 3518; x_wconf 88' lang='lat' dir='ltr'>nemo</span> <span class='ocrx_word' id='word_1_266' title='bbox 970 3473 1129 3529; x_wconf 84' lang='lat' dir='ltr'>probabiliter</span> <span class='ocrx_word' id='word_1_267' title='bbox 1141 3475 1294 3530; x_wconf 75' lang='lat' dir='ltr'>explicavit.”</span> <span class='ocrx_word' id='word_1_268' title='bbox 1377 3470 1382 3484; x_wconf 90' lang='grc'><em>’</em></span> 
     </span>
    </p>
   </div>
   <div class='ocr_carea' id='block_1_6' title="bbox 136 3533 1307 4352">
    <p class='ocr_par' dir='ltr' id='par_1_17' title="bbox 169 3533 1294 4159">
     <span class='ocr_line' id='line_1_35' title="bbox 171 3533 1291 3599; baseline 0 -11"><span class='ocrx_word' id='word_1_269' title='bbox 171 3543 270 3589; x_wconf 78' lang='lat' dir='ltr'>bachin.</span> <span class='ocrx_word' id='word_1_270' title='bbox 291 3533 492 3587; x_wconf 75' lang='lat' dir='ltr'>Tentavittamen</span> <span class='ocrx_word' id='word_1_271' title='bbox 511 3543 635 3596; x_wconf 78' lang='lat' dir='ltr'>Wyttenb.</span> <span class='ocrx_word' id='word_1_272' title='bbox 655 3544 719 3587; x_wconf 84' lang='lat' dir='ltr'>Bibt.</span> <span class='ocrx_word' id='word_1_273' title='bbox 738 3547 793 3588; x_wconf 87' lang='lat' dir='ltr'>crit.</span> <span class='ocrx_word' id='word_1_274' title='bbox 815 3539 840 3596; x_wconf 88' lang='lat'>3,</span> <span class='ocrx_word' id='word_1_275' title='bbox 861 3540 885 3597; x_wconf 74' lang='lat'>4,</span> <span class='ocrx_word' id='word_1_276' title='bbox 906 3557 930 3598; x_wconf 84' lang='lat' dir='ltr'>p.</span> <span class='ocrx_word' id='word_1_277' title='bbox 951 3540 995 3588; x_wconf 81' lang='lat'>53.</span> <span class='ocrx_word' id='word_1_278' title='bbox 1031 3544 1126 3597; x_wconf 86' lang='lat' dir='ltr'>„Plane</span> <span class='ocrx_word' id='word_1_279' title='bbox 1142 3544 1212 3588; x_wconf 86' lang='lat' dir='ltr'>nobis</span> <span class='ocrx_word' id='word_1_280' title='bbox 1233 3558 1291 3599; x_wconf 89' lang='lat' dir='ltr'>pro·</span> 
     </span>
     <span class='ocr_line' id='line_1_36' title="bbox 171 3608 1293 3671; baseline -0.002 -14"><span class='ocrx_word' id='word_1_281' title='bbox 171 3612 241 3658; x_wconf 85' lang='lat' dir='ltr'>batur</span> <span class='ocrx_word' id='word_1_282' title='bbox 258 3613 316 3656; x_wconf 82' lang='lat' dir='ltr'>illud</span> <span class='ocrx_word' id='word_1_283' title='bbox 340 3611 453 3665; x_wconf 74' lang='lat' dir='ltr'>sentire,</span> <span class='ocrx_word' id='word_1_284' title='bbox 485 3615 547 3669; x_wconf 88' lang='lat' dir='ltr'>quod</span> <span class='ocrx_word' id='word_1_285' title='bbox 572 3627 585 3656; x_wconf 88' lang='lat' dir='ltr'>a</span> <span class='ocrx_word' id='word_1_286' title='bbox 612 3612 712 3657; x_wconf 79' lang='lat' dir='ltr'>Graecis</span> <span class='ocrx_word' id='word_1_287' title='bbox 740 3613 880 3671; x_wconf 78' lang='lat' dir='ltr'>exquisitius</span> <span class='ocrx_word' id='word_1_288' title='bbox 896 3613 996 3657; x_wconf 81' lang='lat' dir='ltr'>subinde</span> <span class='ocrx_word' id='word_1_289' title='bbox 1018 3613 1119 3666; x_wconf 87' lang='lat' dir='ltr'>dicitnr,</span> <span class='ocrx_word' id='word_1_290' title='bbox 1149 3608 1293 3662; x_wconf 59' lang='grc' dir='ltr'><strong><em>αἰσθάνε-</em></strong></span> 
     </span>
     <span class='ocr_line' id='line_1_37' title="bbox 171 3679 1290 3742; baseline 0 -17"><span class='ocrx_word' id='word_1_291' title='bbox 171 3679 244 3731; x_wconf 60' lang='grc' dir='ltr'>σθαί</span> <span class='ocrx_word' id='word_1_292' title='bbox 261 3694 355 3742; x_wconf 71' lang='grc' dir='ltr'><strong><em>τινος,</em></strong></span> <span class='ocrx_word' id='word_1_293' title='bbox 383 3679 446 3725; x_wconf 85' lang='lat' dir='ltr'>affici</span> <span class='ocrx_word' id='word_1_294' title='bbox 468 3682 569 3726; x_wconf 86' lang='lat' dir='ltr'>alicuine</span> <span class='ocrx_word' id='word_1_295' title='bbox 595 3683 632 3726; x_wconf 88' lang='lat' dir='ltr'>rei</span> <span class='ocrx_word' id='word_1_296' title='bbox 650 3684 688 3727; x_wconf 83' lang='lat' dir='ltr'>vel</span> <span class='ocrx_word' id='word_1_297' title='bbox 710 3687 780 3741; x_wconf 70' lang='lat' dir='ltr'>grato</span> <span class='ocrx_word' id='word_1_298' title='bbox 806 3685 844 3727; x_wconf 81' lang='lat' dir='ltr'>rel</span> <span class='ocrx_word' id='word_1_299' title='bbox 863 3684 957 3741; x_wconf 80' lang='lat' dir='ltr'>ingrato</span> <span class='ocrx_word' id='word_1_300' title='bbox 975 3696 1064 3736; x_wconf 86' lang='lat' dir='ltr'>seusu,</span> <span class='ocrx_word' id='word_1_301' title='bbox 1091 3695 1163 3736; x_wconf 82' lang='lat' dir='ltr'>cura,</span> <span class='ocrx_word' id='word_1_302' title='bbox 1192 3683 1290 3736; x_wconf 87' lang='lat' dir='ltr'>studio,</span> 
     </span>
     <span class='ocr_line' id='line_1_38' title="bbox 173 3741 1292 3811; baseline 0 -16"><span class='ocrx_word' id='word_1_303' title='bbox 173 3753 202 3795; x_wconf 88' lang='lat' dir='ltr'>ad</span> <span class='ocrx_word' id='word_1_304' title='bbox 222 3765 275 3795; x_wconf 87' lang='lat' dir='ltr'>eam</span> <span class='ocrx_word' id='word_1_305' title='bbox 299 3753 336 3795; x_wconf 85' lang='lat' dir='ltr'>vet</span> <span class='ocrx_word' id='word_1_306' title='bbox 367 3751 544 3806; x_wconf 86' lang='lat' dir='ltr'>adipiscendam</span> <span class='ocrx_word' id='word_1_307' title='bbox 567 3752 606 3810; x_wconf 70' lang='lat' dir='ltr'>vjel</span> <span class='ocrx_word' id='word_1_308' title='bbox 632 3751 794 3810; x_wconf 78' lang='lat' dir='ltr'>fugiendam.&#39;&#39;</span> <span class='ocrx_word' id='word_1_309' title='bbox 861 3749 919 3797; x_wconf 85' lang='lat'><strong>100.</strong></span> <span class='ocrx_word' id='word_1_310' title='bbox 950 3741 1050 3811; x_wconf 69' lang='lat' dir='ltr'>grande</span> <span class='ocrx_word' id='word_1_311' title='bbox 1074 3750 1190 3807; x_wconf 79' lang='lat' dir='ltr'>rependit</span> <span class='ocrx_word' id='word_1_312' title='bbox 1212 3749 1292 3796; x_wconf 73' lang='lat' dir='ltr'>bonos</span> 
     </span>
     <span class='ocr_line' id='line_1_39' title="bbox 171 3817 1291 3877; baseline 0.001 -14"><span class='ocrx_word' id='word_1_313' title='bbox 171 3821 301 3875; x_wconf 86' lang='lat' dir='ltr'>Koppiers.</span> <span class='ocrx_word' id='word_1_314' title='bbox 340 3817 399 3865; x_wconf 86' lang='grc'><strong>102.</strong></span> <span class='ocrx_word' id='word_1_315' title='bbox 418 3820 474 3865; x_wconf 78' lang='lat' dir='ltr'>urie</span> <span class='ocrx_word' id='word_1_316' title='bbox 492 3822 555 3865; x_wconf 86' lang='lat' dir='ltr'>coni.</span> <span class='ocrx_word' id='word_1_317' title='bbox 574 3820 657 3864; x_wconf 80' lang='lat' dir='ltr'>Heius.</span> <span class='ocrx_word' id='word_1_318' title='bbox 674 3822 781 3866; x_wconf 80' lang='lat' dir='ltr'>Bronkb.</span> <span class='ocrx_word' id='word_1_319' title='bbox 800 3821 900 3866; x_wconf 88' lang='lat' dir='ltr'>Lachm.</span> <span class='ocrx_word' id='word_1_320' title='bbox 922 3845 954 3856; x_wconf 88' lang='lat'>-</span> <span class='ocrx_word' id='word_1_321' title='bbox 972 3821 1070 3877; x_wconf 86' lang='lat' dir='ltr'>Epiced.</span> <span class='ocrx_word' id='word_1_322' title='bbox 1089 3821 1163 3865; x_wconf 80' lang='lat' dir='ltr'>Drusi</span> <span class='ocrx_word' id='word_1_323' title='bbox 1185 3834 1207 3866; x_wconf 80' lang='lat' dir='ltr'>r.</span> <span class='ocrx_word' id='word_1_324' title='bbox 1230 3817 1291 3865; x_wconf 83' lang='grc'><strong>162.</strong></span> 
     </span>
     <span class='ocr_line' id='line_1_40' title="bbox 169 3887 1292 3950; baseline -0.001 -15"><span class='ocrx_word' id='word_1_325' title='bbox 169 3887 271 3943; x_wconf 80' lang='lat' dir='ltr'>Druse,</span> <span class='ocrx_word' id='word_1_326' title='bbox 302 3889 433 3947; x_wconf 79' lang='lat' dir='ltr'>nequead</span> <span class='ocrx_word' id='word_1_327' title='bbox 449 3896 544 3934; x_wconf 82' lang='lat' dir='ltr'>reteree</span> <span class='ocrx_word' id='word_1_328' title='bbox 560 3889 676 3934; x_wconf 80' lang='lat' dir='ltr'>conditur</span> <span class='ocrx_word' id='word_1_329' title='bbox 693 3891 745 3935; x_wconf 78' lang='lat' dir='ltr'>ibis</span> <span class='ocrx_word' id='word_1_330' title='bbox 763 3903 830 3935; x_wconf 79' lang='lat' dir='ltr'>uror.</span> <span class='ocrx_word' id='word_1_331' title='bbox 853 3913 882 3923; x_wconf 99' lang='lat'>-</span> <span class='ocrx_word' id='word_1_332' title='bbox 902 3891 975 3950; x_wconf 74' lang='lat' dir='ltr'>aquis</span> <span class='ocrx_word' id='word_1_333' title='bbox 995 3892 1055 3935; x_wconf 81' lang='lat' dir='ltr'>Cdd.</span> <span class='ocrx_word' id='word_1_334' title='bbox 1083 3890 1141 3948; x_wconf 78' lang='lat' dir='ltr'>aliq.</span> <span class='ocrx_word' id='word_1_335' title='bbox 1162 3913 1201 3935; x_wconf 89' lang='grc'>-.</span> <span class='ocrx_word' id='word_1_336' title='bbox 1219 3890 1292 3949; x_wconf 74' lang='lat' dir='ltr'>equis</span> 
     </span>
     <span class='ocr_line' id='line_1_41' title="bbox 172 3956 1291 4018; baseline 0.002 -17"><span class='ocrx_word' id='word_1_337' title='bbox 172 3956 343 4015; x_wconf 78' lang='lat' dir='ltr'>Gron.,-quod</span> <span class='ocrx_word' id='word_1_338' title='bbox 360 3960 469 4004; x_wconf 89' lang='lat' dir='ltr'>restituit</span> <span class='ocrx_word' id='word_1_339' title='bbox 488 3959 575 4004; x_wconf 87' lang='lat' dir='ltr'>Iacob:</span> <span class='ocrx_word' id='word_1_340' title='bbox 606 3960 788 4015; x_wconf 79' lang='lat' dir='ltr'>„Verisimilius</span> <span class='ocrx_word' id='word_1_341' title='bbox 806 3961 945 4015; x_wconf 85' lang='lat' dir='ltr'>apotheosis</span> <span class='ocrx_word' id='word_1_342' title='bbox 961 3961 1029 4018; x_wconf 85' lang='lat' dir='ltr'>equis</span> <span class='ocrx_word' id='word_1_343' title='bbox 1047 3959 1176 4004; x_wconf 83' lang='lat' dir='ltr'>honoratis</span> <span class='ocrx_word' id='word_1_344' title='bbox 1200 3959 1291 4004; x_wconf 86' lang='lat' dir='ltr'>descri-</span> 
     </span>
     <span class='ocr_line' id='line_1_42' title="bbox 172 4027 1294 4087; baseline -0.001 -14"><span class='ocrx_word' id='word_1_345' title='bbox 172 4027 260 4083; x_wconf 85' lang='lat' dir='ltr'>batur,</span> <span class='ocrx_word' id='word_1_346' title='bbox 290 4041 338 4071; x_wconf 86' lang='lat' dir='ltr'>non</span> <span class='ocrx_word' id='word_1_347' title='bbox 359 4029 472 4072; x_wconf 82' lang='lat' dir='ltr'>adventus</span> <span class='ocrx_word' id='word_1_348' title='bbox 491 4031 515 4074; x_wconf 90' lang='lat' dir='ltr'>in</span> <span class='ocrx_word' id='word_1_349' title='bbox 530 4029 635 4084; x_wconf 73' lang='lat' dir='ltr'>Elysio,</span> <span class='ocrx_word' id='word_1_350' title='bbox 667 4043 714 4087; x_wconf 87' lang='lat' dir='ltr'>quo</span> <span class='ocrx_word' id='word_1_351' title='bbox 735 4044 819 4075; x_wconf 88' lang='lat' dir='ltr'>versus</span> <span class='ocrx_word' id='word_1_352' title='bbox 840 4031 963 4086; x_wconf 76' lang='lat' dir='ltr'>proximus</span> <span class='ocrx_word' id='word_1_353' title='bbox 983 4042 1027 4074; x_wconf 86' lang='lat' dir='ltr'>nos</span> <span class='ocrx_word' id='word_1_354' title='bbox 1042 4033 1113 4071; x_wconf 86' lang='lat' dir='ltr'>vocat</span> <span class='ocrx_word' id='word_1_355' title='bbox 1132 4027 1250 4073; x_wconf 76' lang='lat' dir='ltr'>Moribus</span> <span class='ocrx_word' id='word_1_356' title='bbox 1268 4034 1294 4072; x_wconf 87' lang='lat' dir='ltr'>et</span> 
     </span>
     <span class='ocr_line' id='line_1_43' title="bbox 171 4096 1291 4159; baseline 0.001 -18"><span class='ocrx_word' id='word_1_357' title='bbox 171 4096 268 4141; x_wconf 79' lang='lat' dir='ltr'>eaelum</span> <span class='ocrx_word' id='word_1_358' title='bbox 284 4097 385 4153; x_wconf 77' lang='lat' dir='ltr'>putuit:</span> <span class='ocrx_word' id='word_1_359' title='bbox 404 4097 454 4141; x_wconf 78' lang='lat' dir='ltr'>eim</span> <span class='ocrx_word' id='word_1_360' title='bbox 475 4096 557 4158; x_wconf 78' lang='lat' dir='ltr'>dignu</span> <span class='ocrx_word' id='word_1_361' title='bbox 578 4098 711 4154; x_wconf 73' lang='lat' dir='ltr'>asserendo,</span> <span class='ocrx_word' id='word_1_362' title='bbox 731 4114 754 4144; x_wconf 91' lang='lat' dir='ltr'>c.</span> <span class='ocrx_word' id='word_1_363' title='bbox 792 4100 831 4144; x_wconf 85' lang='lat' dir='ltr'>Sic</span> <span class='ocrx_word' id='word_1_364' title='bbox 853 4100 960 4155; x_wconf 86' lang='lat' dir='ltr'>luppiter</span> <span class='ocrx_word' id='word_1_365' title='bbox 978 4098 1108 4144; x_wconf 82' lang='lat' dir='ltr'>Herculem</span> <span class='ocrx_word' id='word_1_366' title='bbox 1129 4096 1291 4159; x_wconf 79' lang='lat' dir='ltr'>Quadriiugo</span> 
     </span>
    </p>

    <p class='ocr_par' dir='ltr' id='par_1_18' title="bbox 136 4163 1307 4352">
     <span class='ocr_line' id='line_1_44' title="bbox 136 4163 1291 4231; baseline 0.002 -23"><span class='ocrx_word' id='word_1_367' title='bbox 136 4203 139 4208; x_wconf 94' lang='lat'>.</span> <span class='ocrx_word' id='word_1_368' title='bbox 151 4178 251 4231; x_wconf 46' lang='lat' dir='ltr'>jurare</span> <span class='ocrx_word' id='word_1_369' title='bbox 264 4163 425 4210; x_wconf 77' lang='lat' dir='ltr'>radiantibus</span> <span class='ocrx_word' id='word_1_370' title='bbox 446 4168 533 4212; x_wconf 79' lang='lat' dir='ltr'>intulit</span> <span class='ocrx_word' id='word_1_371' title='bbox 548 4168 629 4212; x_wconf 78' lang='lat' dir='ltr'>cestrie</span> <span class='ocrx_word' id='word_1_372' title='bbox 648 4169 719 4214; x_wconf 77' lang='lat' dir='ltr'>Ouid.</span> <span class='ocrx_word' id='word_1_373' title='bbox 742 4169 803 4215; x_wconf 82' lang='lat' dir='ltr'>Met.</span> <span class='ocrx_word' id='word_1_374' title='bbox 825 4167 850 4225; x_wconf 80' lang='lat'>9,</span> <span class='ocrx_word' id='word_1_375' title='bbox 870 4167 948 4215; x_wconf 75' lang='grc'><strong>272.”</strong></span> <span class='ocrx_word' id='word_1_376' title='bbox 982 4169 1029 4214; x_wconf 85' lang='lat' dir='ltr'>Sed</span> <span class='ocrx_word' id='word_1_377' title='bbox 1048 4180 1092 4211; x_wconf 87' lang='lat' dir='ltr'>nec</span> <span class='ocrx_word' id='word_1_378' title='bbox 1113 4169 1142 4212; x_wconf 86' lang='lat' dir='ltr'>de</span> <span class='ocrx_word' id='word_1_379' title='bbox 1164 4167 1291 4222; x_wconf 77' lang='lat' dir='ltr'>apotheosi</span> 
     </span>
     <span class='ocr_line' id='line_1_45' title="bbox 171 4235 1307 4298; baseline 0 -17"><span class='ocrx_word' id='word_1_380' title='bbox 171 4249 215 4281; x_wconf 86' lang='lat' dir='ltr'>nee</span> <span class='ocrx_word' id='word_1_381' title='bbox 230 4236 259 4281; x_wconf 87' lang='lat' dir='ltr'>de</span> <span class='ocrx_word' id='word_1_382' title='bbox 274 4235 376 4280; x_wconf 65' lang='lat' dir='ltr'>adventu</span> <span class='ocrx_word' id='word_1_383' title='bbox 397 4237 420 4280; x_wconf 81' lang='lat' dir='ltr'>tu</span> <span class='ocrx_word' id='word_1_384' title='bbox 438 4235 535 4290; x_wconf 77' lang='lat' dir='ltr'>Elysios</span> <span class='ocrx_word' id='word_1_385' title='bbox 553 4249 651 4293; x_wconf 81' lang='lat' dir='ltr'>campos</span> <span class='ocrx_word' id='word_1_386' title='bbox 672 4251 753 4285; x_wconf 86' lang='lat' dir='ltr'>sermo</span> <span class='ocrx_word' id='word_1_387' title='bbox 774 4243 826 4298; x_wconf 87' lang='lat' dir='ltr'>est;</span> <span class='ocrx_word' id='word_1_388' title='bbox 851 4252 936 4286; x_wconf 82' lang='lat' dir='ltr'>verum</span> <span class='ocrx_word' id='word_1_389' title='bbox 953 4239 981 4284; x_wconf 91' lang='lat' dir='ltr'>de</span> <span class='ocrx_word' id='word_1_390' title='bbox 1000 4237 1130 4285; x_wconf 82' lang='lat' dir='ltr'>condendis</span> <span class='ocrx_word' id='word_1_391' title='bbox 1148 4237 1246 4282; x_wconf 84' lang='lat' dir='ltr'>ossibus</span> <span class='ocrx_word' id='word_1_392' title='bbox 1263 4238 1307 4293; x_wconf 54' lang='lat' dir='ltr'>in⁸</span> 
     </span>
     <span class='ocr_line' id='line_1_46' title="bbox 171 4306 661 4352; baseline 0.004 -2"><span class='ocrx_word' id='word_1_393' title='bbox 171 4306 345 4350; x_wconf 83' lang='lat' dir='ltr'>honoratorum</span> <span class='ocrx_word' id='word_1_394' title='bbox 362 4306 481 4350; x_wconf 85' lang='lat' dir='ltr'>maiorum</span> <span class='ocrx_word' id='word_1_395' title='bbox 498 4311 661 4352; x_wconf 85' lang='lat' dir='ltr'>monumento.</span> 
     </span>
    </p>
   </div>
   <div class='ocr_carea' id='block_1_7' title="bbox 0 0 1396 4762">
    <p class='ocr_par' dir='ltr' id='par_1_19' title="bbox 0 0 1396 4762">
     <span class='ocr_line' id='line_1_47' title="bbox 0 0 1396 4762; baseline 0 1"><span class='ocrx_word' id='word_1_396' title='bbox 0 0 1396 4762; x_wconf 95' lang='lat' dir='ltr'> </span> 
     </span>
    </p>
   </div>
  </div>
 </body>
</html>
