2782 4762
130 365 283 444 „Fertilis
307 377 342 431 tu
363 364 516 432 nobilium
539 366 659 431 frueris

130 470 274 555 „Copieu
318 470 387 534 Iam
409 492 494 534 nunc
514 469 776 535 inimicaretur

130 573 295 660 „Agmina
318 595 359 637 ex
381 595 512 656 campo;
536 572 829 661 aufugientiumque

198 679 351 764 „Terga
375 675 512 740 videbis.

132 817 259 902 „lunge
281 828 403 906 tantum
427 829 459 881 et
481 819 600 902 collige
622 838 732 901 sparsa
754 820 896 881 membra

133 922 265 994 „Paene
288 921 422 1004 collapsi
443 920 599 1004 Imperii3
623 943 660 984 ac
681 921 810 986 feroces

133 1025 301 1106 „Exsere,
327 1045 348 1088 o
371 1045 472 1100 nune,
494 1024 658 1108 relliquias
681 1037 714 1088 et
736 1025 897 1109 antiquum

216 1129 369 1200 „Exsere
390 1130 505 1192 robur.

133 1268 303 1354 „Namque
326 1268 430 1332 multis
453 1290 531 1333 mox
553 1267 665 1353 spoliis
687 1251 803 1352 opimis

133 1371 303 1446 „Suecicis
325 1371 503 1436 ditaberiss
520 1394 557 1436 ae
578 1373 717 1455 superba

133 1475 271 1549 „Maior
292 1475 475 1540 exaltabere
497 1475 700 1557 Dindymene
758 1490 760 1494 ’

219 1579 500 1664 „Turrigeraque

135 1716 309 1801 „Seilieet‚
333 1719 445 1803 regina
467 1721 578 1795 beata,
603 1720 681 1783 tanti
703 1733 750 1785 est

136 1819 295 1894 „Urbium
318 1820 493 1886 eoncordia
515 1822 758 1908 principumque

135 1923 429 1996 „Foederatorum
472 1924 562 1988 Nihil
585 1926 717 2009 amplius
739 1939 791 2003 te,

220 2027 276 2099 „0
301 2029 416 2103 decus,
442 2029 573 2112 anget.''

137 2165 271 2228 Talibus
294 2178 383 2230 vates
406 2168 540 2250 (pudor)
561 2171 755 2235 immorabor

138 2267 330 2333 Claudieans
354 2270 480 2348 metris,
504 2294 607 2357 neque
631 2273 780 2358 digniora

136 2371 356 2456 Largiebatur
379 2373 555 2453 Patareus,
581 2374 640 2439 etsi

113 2461 118 2484 ¹
221 2472 282 2538 Ilia
303 2497 445 2559 rnpsem.

136 2617 231 2700 Ergo
253 2617 406 2680 maerenti
428 2619 603 2684 stimulatus
629 2621 677 2682 ira

137 2719 303 2784 Barbitum
326 2741 453 2783 mensae
475 2721 591 2786 fidibus
612 2721 726 2786 solutis

138 2818 194 2885 Bis
218 2833 266 2884 ter
288 2821 383 2897 iltisi;
407 2822 535 2886 iacuere
558 2833 682 2885 eentum
782 2839 783 2842 ’

222 2925 396 3009 Fragmina
422 2925 529 2989 terris.

416 3102 629 3116 ...-

254 3234 356 3299 XVI.
390 3235 454 3300 AD
477 3237 540 3301 10.
564 3237 814 3302 ALBULAM.

375 3357 525 3423 Virtutis
548 3360 689 3424 Genius.
790 3426 792 3430 Α

141 3494 256 3558 Virtus
278 3497 419 3562 aetherei
440 3500 569 3565 eonsoia
592 3499 755 3586 sanguinis

140 3599 378 3683 Astrorumque
401 3623 517 3678 soror,
542 3625 606 3668 non
630 3615 730 3678 amat,
755 3604 891 3681 Albula,

182 3703 273 3767 Inter
295 3727 427 3788 serpere
452 3709 572 3793 fungos

228 3808 271 3870 Et
294 3808 427 3872 declivia
454 3811 595 3875 vallium.

143 3951 276 4032 Semper
298 3973 418 4015 summa
440 3953 538 4034 petit„
565 3973 630 4035 quo
653 3973 755 4037 neque
778 3951 907 4014 nubium

141 4053 296 4130 Neritum,
320 4055 471 4119 Romulei
492 4055 723 4138 flammigerum
736 4053 837 4118 lovis

184 4156 288 4220 Pleno
311 4157 436 4222 concita
460 4171 559 4223 vento

228 4259 399 4324 Transfert
420 4283 522 4344 penna
545 4261 724 4325 satellitem.
