2782 4762
1202 162 1275 239 ms

192 332 330 398 XVIII.
363 330 542 418 Anonymi
563 329 598 394 in
622 319 811 396 Neronem.
845 320 998 412 (Anttiot.
1021 332 1065 396 L.
1092 332 1124 396 2.
1150 333 1217 412 79.)

145 452 225 534 Quis
247 462 343 535 negat
364 453 495 516 Aeneae
518 472 632 536 magna
652 450 817 533 ,ae-stirpe
840 451 1034 516 Neronem?

208 557 342 620 Sustulit
364 554 416 617 hic
438 566 590 630 matrem,
614 553 740 618 sustulit
762 553 816 617 ille
838 566 976 636 patrem.

242 716 343 780 XIX.
367 717 406 778 C.
429 713 585 778 Petronii
606 711 754 795 Arbitri.
778 712 929 794 (Anthol.
955 715 997 775 L.
1022 714 1053 777 3.
1080 715 1168 796 158.)

142 828 270 891 Nomen
293 823 464 900 amicitiae,
487 823 515 888 si
538 835 692 909 quatenus
714 824 860 906 expedit,
884 826 1013 902 haeret,

207 919 358 994 Calculus
379 927 412 990 in
433 928 540 990 tabula
563 927 680 989 mobile
702 926 788 989 discit
811 948 905 1008 opus.

142 1033 248 1112 Quom
272 1032 401 1094 fortuna
423 1042 543 1106 manet,
569 1029 690 1101 voltum
713 1027 850 1092 servatis
872 1028 983 1093 amicit

206 1134 312 1213 Quom
336 1132 435 1208 cedit,
459 1131 545 1213 turpi
568 1130 692 1194 vertitis
716 1151 773 1195 ora
795 1131 888 1214 Iuga.
1053 1213 1059 1223 ¹

142 1236 233 1298 Grex
256 1234 324 1317 agit
345 1233 376 1297 in
398 1255 512 1298 scaeua
536 1233 682 1297 mimum:
705 1244 798 1314 pater
818 1231 871 1295 ille
895 1243 1063 1309 vocatur,
1245 1238 1263 1303 5

204 1337 307 1399 Filius
330 1335 399 1411 hie;
424 1358 538 1400 nomen
562 1335 668 1400 divitis
690 1334 744 1398 ille
767 1344 865 1398 tenet.

140 1440 227 1504 Mox
249 1438 306 1501 ubi
327 1438 473 1502 ridendas
495 1437 625 1526 inclusit
647 1437 762 1520 pagiua
785 1449 910 1519 partes,

205 1543 295 1604 Vera
318 1540 400 1605 redit
421 1541 536 1618 facies,
561 1540 754 1604 dissimulata
777 1539 874 1622 perit.

413 1703 494 1766 XX.
538 1699 723 1764 Eucharis.
748 1700 914 1763 Liciniae.
938 1703 981 1764 L.
1069 1702 1072 1711 “

139 1814 265 1876 Docta.
288 1811 450 1877 Erodita.
474 1814 615 1878 Omnes.
638 1814 756 1875 Artes.
783 1811 908 1894 Virgo.
935 1811 1049 1878 Vixit.
1073 1814 1143 1879 An.
1160 1817 1260 1880 XIV.

498 1922 651 2006 (Anthol.
676 1924 720 2004 L.
745 1927 776 1985 1.
801 1923 892 2003 353.)

181 2036 271 2098 Heus
294 2034 390 2100 oculo
412 2045 539 2099 errante
562 2033 636 2120 qutei
657 2034 795 2116 adspicis
820 2034 873 2098 leti
894 2037 1041 2114 domum,

136 2138 273 2200 Merme
297 2159 440 2221 gressum
469 2149 500 2201 et
522 2136 648 2200 titulum
671 2149 815 2200 nostrum
837 2137 990 2223 perleget

139 2241 246 2304 Amor
267 2239 408 2322 parentis
431 2261 523 2326 quem
547 2239 632 2302 dedit
653 2251 745 2303 natae
767 2260 861 2316 strae,

137 2342 222 2406 Utei
243 2363 276 2405 se
298 2342 452 2427 reliquiae
475 2343 684 2407 conlocareut
707 2342 868 2424 corporis.

136 2445 242 2518 Hele,
269 2444 378 2507 viridis
401 2456 487 2509 aetas
510 2466 607 2528 quom
629 2445 762 2510 floreret
784 2445 942 2523 artibus,

136 2545 313 2610 Crescente
335 2558 368 2611 et
389 2567 470 2611 aevo
495 2547 631 2631 gloriam
655 2549 907 2626 conscenderet,

129 2649 334 2730 *Properavit
353 2651 435 2713 hora
458 2648 556 2712 tristis
578 2649 684 2712 fatalis
707 2666 776 2712 mea'

136 2752 182 2816 Et
204 2751 376 2835 denegavit
397 2752 480 2815 ultra
502 2751 604 2815 veitae
630 2751 789 2833 spiritum.

134 2850 261 2929 Docta,
286 2853 412 2918 eredita
435 2869 536 2936 paeue
558 2856 729 2918 Musarum
753 2877 861 2933 manu,

135 2955 227 3034 Quae
250 2958 346 3019 modo
369 2955 521 3020 nobilium
545 2958 638 3020 ludos
661 2959 812 3036 decoravi
835 2961 938 3024 choro

136 3057 181 3119 Et
203 3059 327 3121 Graeca
348 3058 382 3121 in
403 3081 516 3123 scaeua
539 3059 639 3142 prima
662 3060 785 3142 populo
807 3063 965 3145 apparui,

134 3161 185 3223 Eu
208 3161 271 3224 hoe
296 3161 328 3223 iu
350 3162 472 3226 tumulo
496 3162 633 3225 cinerem
655 3163 759 3226 nostri
780 3167 930 3248 corporis

133 3261 273 3326 Infestae
297 3265 421 3328 Parcae
443 3264 650 3347 deposierunt
672 3265 824 3330 carmine.

134 3364 277 3427 Studium
301 3379 474 3447 patronae,
500 3388 600 3444 entra,
626 3389 737 3443 antor,
763 3369 890 3448 laudes,
915 3372 1011 3437 decus

133 3464 235 3529 Silent
257 3471 403 3533 ambusto
427 3491 568 3552 corpore
592 3481 622 3532 et
645 3471 710 3534 leto
733 3471 850 3538 iacent.
1218 3481 1255 3541 15

133 3568 263 3653 Reliqui
285 3571 394 3634 fletum
416 3581 489 3634 nata
513 3572 655 3657 genitori
678 3595 750 3640 meo
1092 3567 1095 3570 ’

201 3769 263 3814 XX.
283 3784 307 3815 r.
326 3772 445 3817 Vlscoutir’
462 3771 575 3834 leduogr.
595 3788 634 3834 gr.
654 3775 685 3822 Τ.
705 3777 726 3822 l.
745 3789 770 3832 p.
798 3769 864 3834 ³18..
885 3774 952 3823 cadas
972 3790 1000 3822 ex
1014 3778 1125 3834 opluloue
1138 3778 1256 3826 Eucharis

132 3836 176 3880 snb
195 3838 291 3884 Neroua
309 3842 377 3886 uixit.
397 3839 424 3887 5.
443 3843 558 3902 Rutgers.
577 3846 646 3891 Vise.
665 3849 757 3893 analaut
774 3845 831 3892 Hei.
871 3843 911 3893 13.
931 3849 1044 3893 carmina
1063 3849 1088 3893 h.
1108 3850 1125 3894 l.
1141 3864 1186 3894 nou
1208 3856 1256 3895 tara

131 3911 222 3961 cantu,
243 3923 313 3964 quam
331 3908 371 3955 filo
389 3912 450 3966 tart,
469 3927 483 3956 a
502 3914 666 3969 carmiuare,
696 3921 720 3959 ut
738 3915 903 3972 Currnentna,
923 3913 1077 3966 carmentes.
1099 3918 1145 3966 eir.
1167 3921 1252 3965 Horat.

129 3975 208 4030 Eporl.
232 3976 271 4032 13,
295 3976 336 4024 15.
374 3979 441 4025 Unde
465 3982 511 4026 lidi
527 3982 636 4027 reditum
654 3991 721 4030 certo
745 3986 883 4030 arrbtcun'ue
902 3986 999 4030 Pnreue
1017 3985 1124 4043 Rupere.
1146 3990 1254 4034 Crenaee

131 4047 239 4096 Srmlrol.
260 4048 291 4092 ¹1¹.
312 4047 337 4094 2.
357 4063 381 4105 p.
408 4048 467 4096 900.
516 4049 556 4098 15.
584 4053 687 4105 ‚ducent
716 4069 744 4099 ex
769 4056 822 4110 ipso
841 4069 962 4101 rnarrnore
981 4056 1073 4101 Gustus
1092 4058 1255 4114 adscripscrat

130 4115 254 4170 Grutero,
275 4119 313 4176 qui
332 4121 394 4164 male
415 4121 488 4165 edidit
504 4124 612 4166 taeent.'’
629 4125 713 4169 Burin.
754 4122 795 4168 II.
815 4126 843 4169 de
863 4127 959 4180 propria
978 4127 1116 4171 eouiertura
1134 4142 1178 4185 pro
1196 4133 1254 4185 post

127 4184 277 4241 testatem,
302 4191 364 4245 quod
383 4203 454 4235 seusu
472 4195 556 4244 caret,
588 4194 640 4236 dedi
661 4199 737 4251 port,
766 4193 861 4248 idest,
893 4195 938 4238 sub
956 4195 1128 4241 Ietielnmum.
1175 4198 1253 4241 Poura
1305 4203 1308 4209 '

129 4256 221 4301 scilieet
240 4257 313 4302 iuvito
333 4260 453 4317 scalptore
472 4261 568 4306 lusurus
587 4267 639 4306 erat
657 4263 680 4307 iu
699 4264 845 4308 alternandis
864 4262 901 4308 lais
919 4265 1018 4310 uocibus
1036 4265 1144 4323 domata,
1163 4265 1229 4312 dier.
