2752 4746
1116 165 1178 230 375

180 327 267 408 Quid
289 326 389 411 magis
414 326 567 389 incertum
590 325 714 390 vento?
738 347 796 388 nee
819 326 924 388 navita
947 325 1016 389 fidit
1155 325 1175 388 5

180 430 374 496 Caeruleum
397 430 504 514 pelagi
527 451 684 506 marmor,
709 429 923 512 scalpentibus
944 427 1055 493 Euris.

266 535 378 596 Nubes
401 532 542 596 lanificae
564 533 642 616 polo

184 639 386 701 Rarescunt:
410 636 558 699 fruticeta
581 649 725 720 peteunrs

182 738 357 813 Proxima,
382 739 562 824 Frisingam
587 739 699 803 viridis
721 761 782 823 qua
804 738 916 801 semita
938 738 1042 802 ducit:

183 844 284 908 Simul
305 864 497 906 reversurus
520 845 681 926 sepultum
1139 842 1179 904 to

183 948 242 1011 Sol
263 945 359 1009 radiis
382 946 532 1008 animabit
556 948 683 1010 orbem.

269 1049 401 1113 Femina
423 1051 510 1113 nuilla
531 1051 613 1113 mala
636 1062 696 1113 est.
720 1048 882 1112 Virtutem
905 1048 1067 1133 pingimus
1091 1069 1147 1113 ore

183 1152 349 1217 Femineo.
394 1153 555 1216 Formosa
576 1156 734 1236 pudorem

182 1257 299 1320 Servat
321 1257 471 1319 intactum
494 1277 596 1340 neque
619 1257 728 1318 vendit
750 1254 841 1318 ulli.''

120 1365 158 1425 P.
184 1362 301 1424 Nonne
325 1371 433 1435 notas,
459 1358 645 1435 Guilielme,
670 1360 748 1422 fides
773 1358 930 1422 hostiliter
952 1357 1035 1421 inter
1142 1358 1181 1420 15

186 1466 228 1526 Se
251 1461 462 1526 dissidentes?
485 1462 613 1526 Musica
637 1462 757 1525 veritas

187 1565 327 1630 Chordis
350 1569 478 1628 aberrat
500 1588 566 1630 non
587 1568 668 1629 bene
691 1564 854 1629 consonis.

184 1670 278 1753 Ergo
301 1669 434 1731 remotis
458 1669 666 1732 seditionibus

185 1771 239 1834 Sic
259 1774 497 1852 temperandum
519 1770 688 1847 barbiton,

127 1942 129 1947 s
184 1876 261 1937 Non
284 1874 398 1954 procul
422 1896 440 1935 a
462 1882 574 1936 muro:
601 1872 751 1956 quoniam
766 1893 865 1936 canor
880 1871 952 1935 inde
969 1872 1115 1955 repulsus
1139 1871 1180 1934 20

184 1975 358 2042 Dissidium
381 1977 455 2040 serit
477 1977 669 2039 arbitrantes

190 2079 321 2145 Certius
343 2101 450 2143 aures.

186 2180 352 2264 Principio
375 2205 443 2248 vox
464 2182 549 2260 ima,
575 2183 626 2246 cui
648 2204 717 2247 von
738 2180 849 2245 nititur
871 2182 955 2260 alta,

184 2274 356 2350 Est'certo
379 2285 539 2349 fundanda
562 2299 685 2350 tenore.

188 2389 318 2472 Quippe
341 2412 430 2452 strum
454 2388 575 2452 moduli

185 2492 273 2557 Hine
295 2504 411 2556 acuunt
435 2493 560 2576 genium
583 2491 868 2576 conspirantesque
891 2503 1062 2576 reguntur.

184 2594 317 2659 Interim
341 2595 431 2657 multi
453 2595 576 2659 sonitus
598 2595 769 2677 peribuntz

183 2700 301 2764 Donec
322 2699 506 2780 inaequales
530 2719 688 2778 nunquam
711 2708 853 2759 cessante
874 2699 1023 2759 reducam

184 2800 312 2866 Pollice
336 2803 487 2862 chordas.

186 2901 307 2964 Sensim
331 2922 393 2963 non
418 2900 484 2963 sine
507 2901 614 2985 iurgio

187 3003 330 3069 Placabit
353 3003 473 3068 resides
497 3004 643 3089 quatiens
666 3004 822 3068 sententia
844 3027 977 3070 nervos.

271 3107 378 3190 „Spes
401 3119 449 3170 est
471 3109 563 3170 dulce
586 3107 664 3190 pati.
712 3108 810 3187 Quies

187 3210 315 3294 Optima
338 3209 502 3273 centonis:
528 3232 598 3273 nam
621 3233 736 3296 regum
758 3233 902 3295 purpura
926 3223 1051 3276 noctem

186 3319 289 3397 Saepe
313 3312 412 3377 trahit
434 3313 573 3399 vigilem.

271 3417 305 3481 Si
327 3417 461 3501 quisque
484 3417 579 3480 sciret
602 3418 717 3501 gaudia
740 3417 911 3500 pauperis,

186 3522 302 3585 Nullus
325 3520 464 3584 sollicito
487 3521 575 3584 dives
599 3521 753 3586 dormiret
774 3521 804 3583 in
828 3542 921 3586 auro.

274 3623 383 3685 Triste
405 3624 568 3704 publicum
591 3624 656 3688 fori

185 3723 277 3791 Vita't
300 3737 451 3807 expertus
474 3725 617 3807 sapiens:
643 3749 701 3790 nec
722 3725 803 3790 imae

187 3831 352 3912 Dignatur
374 3829 522 3893 subsellia
545 3828 662 3911 plebis.

189 3935 227 3996 ln
250 3954 309 3994 suo
330 3930 409 3994 felix
431 3931 551 3996 animus
574 3954 704 3997 recessu

187 4037 303 4098 Inlirua
326 4036 454 4102 lustrat.
466 4035 484 4059 ’⁹
804 4025 806 4029 i

125 4144 164 4206 P.
189 4138 360 4205 Paullatim
383 4152 532 4221 aptantur
555 4139 683 4205 socialia
706 4138 845 4204 carmina
867 4140 987 4202 nervis.

270 4244 403 4327 „Rapto
425 4244 606 4329 terrigenae
630 4243 789 4308 vivimus:
813 4243 877 4310 hoe
900 4264 1002 4312 meum
1024 4255 1095 4323 est,
