2782 4762
661 372 715 437 57.

129 479 187 543 Ille
211 479 320 557 Tyrus
342 476 471 541 eduxite
495 477 603 562 genuit
626 499 704 561 gens
727 474 856 548 Attica,
881 475 936 537 sed
958 493 1039 558 qnae

194 582 274 642 Tam
298 579 414 662 procul
436 577 580 660 Assyriis
602 579 734 642 dissidet
756 578 787 641 in
811 577 973 641 (ludaris-r

129 682 323 747 Eucratides
347 682 413 744 viri
435 682 541 745 Musis
564 683 733 765 Meleager
756 681 894 756 anricus,

194 789 338 848 Sectatus
361 786 527 862 Veneres,
552 787 645 849 docte
667 784 843 867 Menippe,
867 796 953 849 trias.

131 890 208 951 Sum
233 890 355 968 Syrus:
381 900 413 952 et
435 887 512 972 quid
533 887 626 950 trun?
648 889 792 952 Mundus
814 885 1003 952 mortalibus
1027 908 1089 949 una
1233 886 1252 946 5
1286 955 1288 959 7

195 992 256 1054 Est
278 993 413 1053 domus:
439 968 507 1052 una
523 989 685 1054 hominnm
710 990 815 1075 gentis
837 990 935 1075 origo
957 991 1069 1053 chaos.

130 1097 195 1158 Ista
221 1094 319 1158 vicem
343 1095 454 1157 tunmli
476 1095 590 1158 tabulis
612 1115 675 1178 ego
697 1094 758 1157 iam
782 1095 891 1179 gravis
913 1094 1003 1156 annis

194 1197 363 1260 lnscribot
389 1209 523 1261 mortem
546 1197 665 1282 quippe
687 1209 814 1260 senecta
837 1216 941 1279 prope
963 1206 1024 1260 est.

131 1301 178 1364 Ar
200 1299 382 1383 quicunque
404 1320 511 1362 senem
534 1320 584 1363 me
606 1320 689 1362 nunc
710 1299 835 1362 salvere
857 1298 1026 1382 loquacem

195 1401 354 1480 iusserit,
379 1400 447 1486 ipse
468 1422 566 1467 senex
587 1402 643 1466 liat
664 1412 696 1466 et
717 1401 785 1486 ipse
808 1402 943 1485 loquax.
1214 1402 1254 1482 10

583 1572 586 1581 '
665 1588 720 1653 as.

135 1709 286 1794 Quisquis
309 1732 359 1787 es,
384 1708 395 1774 i
416 1708 557 1794 placide:
582 1714 677 1774 cubat
694 1712 750 1781 ¹hle
772 1731 843 1774 cum
865 1721 962 1794 gente
983 1707 1113 1792 piorum

197 1814 301 1876 Fatali
323 1813 460 1877 domitus
485 1816 623 1877 membra
645 1833 766 1895 sopore
788 1835 899 1876 senex.

135 1916 284 1978 Eucratei
307 1917 492 2000 Meleager,
516 1917 622 1981 Amor
643 1916 695 1978 cui
716 1916 820 1979 dulcia
842 1917 975 1998 plorans

197 2017 375 2101 Gratiaque
397 2031 429 2082 et
450 2020 568 2082 Musae
591 2021 711 2102 grande
735 2021 851 2082 dedere
873 2020 982 2080 decus.
1260 2085 1263 2088 ξ

133 2119 196 2185 Cui
218 2120 324 2184 divina
347 2124 457 2201 'l‘yros
479 2120 585 2184 inveni
608 2123 834 2205 Gadarlunque
855 2120 996 2184 sacrata'
1048 2201 1051 2208 Ι
1235 2120 1255 2182 5

197 2225 283 2287 Urbs
307 2222 393 2286 dedit
415 2235 447 2285 et
470 2225 645 2305 Meropum
669 2220 738 2287 Cos
760 2223 906 2286 alimenta
929 2221 1009 2286 seni.

135 2325 170 2389 Si
192 2328 293 2405 Syrus
316 2347 418 2408 ergo;
442 2327 565 2400 Salam3
588 2324 616 2390 si
639 2325 807 2402 Phoenix,
831 2324 985 2401 Audoni3
1010 2323 1159 2403 Chaere,

197 2429 232 2492 Si
255 2431 421 2500 Graecusa
443 2432 499 2492 sed
521 2428 602 2493 idem
625 2440 659 2493 tn
682 2450 812 2514 quoque
834 2431 931 2493 redde
953 2427 1041 2492 mini.

595 2625 597 2628 ’
665 2617 719 2681 69.

135 2733 340 2798 Multilorem
363 2736 488 2801 socians
511 2737 601 2802 vocis
624 2736 837 2799 modulamine
859 2737 979 2813 lotum,

197 2838 387 2902 Dorotheus
409 2840 517 2902 lamles
540 2839 779 2902 concelebravit
801 2838 893 2922 equi,

135 2941 278 3023 Fataque
302 2944 382 3004 dura
406 2944 594 3026 Phrygum,
619 2940 823 3022 Semelesque
846 2939 877 3002 in
899 2938 1029 3003 lnlmine
1052 2949 1199 3020 partum:

198 3042 323 3121 Quanta
349 3044 449 3106 virdun
473 3046 622 3108 illecebra
646 3057 711 3119 est,
737 3054 851 3124 quanta
875 3055 981 3105 secuta
1005 3044 1135 3106 Venus!

135 3147 225 3209 Unus
249 3145 300 3207 hie
323 3169 361 3208 ex
385 3169 535 3222 nutriero,
561 3159 610 3209 tot
631 3148 728 3208 habet
750 3158 830 3228 quot
853 3166 965 3209 scaena
988 3138 1169 3220 ministros,
1237 3145 1256 3206 5

199 3247 324 3331 Effugit
346 3270 483 3328 pennas,
508 3249 654 3330 improbe
677 3251 807 3324 Monte,
831 3260 919 3323 trras3

136 3350 275 3414 Sosicles
298 3363 390 3432 pater
413 3363 478 3425 est,
504 3354 635 3415 'l'hebae
658 3353 791 3413 domus:
817 3352 892 3413 aede
916 3348 1017 3429 Lyaei

198 3455 292 3516 Nune
313 3453 417 3517 lessus
440 3454 578 3519 calamos
600 3466 769 3518 consecrat
791 3464 887 3538 atque
910 3453 1003 3516 lidos.

667 3642 720 3704 70.
760 3688 763 3696 ,

136 3762 169 3822 Si
193 3760 264 3822 talis
287 3765 437 3842 supcrlnn
453 3760 563 3825 Liber
586 3763 724 3825 venisset
747 3760 778 3823 in
801 3760 903 3848 aulam

200 3863 324 3926 Saltans
348 3886 418 3927 cum
442 3865 589 3944 Satyrdm
613 3863 880 3948 Bassaridumque
904 3865 1027 3938 choro,
1053 3872 1056 3877 ’

275 4092 374 4149 Qualem
393 4092 460 4137 illum
479 4091 601 4146 Pylades,
622 4098 673 4137 loto
693 4093 817 4147 plaudente
836 4091 943 4145 theatro,

302 4163 402 4204 Sallevit
422 4163 487 4219 leges
506 4160 605 4206 mirifice
625 4156 654 4206 rid
673 4163 794 4219 tragicas,

274 4230 382 4274 Drsisset
404 4230 460 4275 luno
481 4237 575 4275 veteres
595 4232 670 4276 oblita
691 4233 809 4276 dotores:

308 4301 410 4345 Montila
429 4305 467 4346 est
485 4299 598 4358 Semele,
618 4301 738 4346 Bacchum
756 4314 802 4360 ego
820 4300 945 4358 progredi.
