2782 4762
191 202 255 269 sot

192 360 435 444 Bellantcmque
455 360 567 424 lovem
590 359 724 424 ecrno.’'
768 359 938 424 Venientia
962 361 1026 424 lata

193 463 283 525 Scire
307 464 387 525 ultra
411 464 510 527 vetuit
533 464 615 527 luno
647 465 813 547 libraeque
835 475 967 545 repente

195 563 409 629 Conticuere:
435 567 533 628 latent
553 587 643 628 casus
665 567 817 650 longique
841 568 982 631 labores.

447 703 680 771 CLAUDII
712 702 1048 770 CLAUDIAM.

641 819 672 883 I.
695 816 867 883 Nemesis

477 927 531 1008 (lu
552 929 712 992 Rurruunr
735 931 814 991 Lrn.
838 929 868 991 Ι.
895 926 1053 1008 1-93.)'
1094 929 1097 937 '

233 1038 336 1122 Saepe
360 1037 582 1119 mihidubiain
606 1040 703 1102 traxit
725 1039 880 1103 sententia
904 1056 1056 1120 trientem,

190 1139 349 1206 Curarent
371 1142 479 1224 superi
501 1138 621 1220 terras,
648 1164 686 1204 an
709 1143 814 1205 nullus
837 1142 954 1217 inesset

188 1246 313 1309 Rector
335 1256 365 1307 et
387 1244 510 1307 incerto
532 1245 667 1308 fluerent
691 1244 836 1308 mortalia
858 1266 947 1308 casu.

186 1347 269 1409 Natu
293 1368 390 1430 quoru
414 1335 559 1428 dispositi
582 1347 770 1430 quaesissent
793 1347 923 1409 foedera
947 1344 1054 1408 mnndi
1083 1333 1087 1338 ’

185 1449 475 1532 praescriptosque
498 1449 576 1509 utari
599 1449 678 1511 fines
702 1449 855 1531 annisque
879 1460 999 1511 meatus

186 1550 230 1613 Et
251 1549 331 1613 luris
352 1550 521 1632 noctisque
544 1550 648 1625 vices,
673 1563 749 1612 tunc
774 1550 877 1614 numia
903 1555 1000 1614 rebar

185 1651 332 1716 Consilio
355 1652 478 1714 firmata
502 1651 570 1728 dei,
596 1652 649 1736 qui
672 1653 744 1737 lege
767 1653 894 1715 moveri

184 1754 313 1830 Sidera,
339 1754 391 1837 qui
413 1755 525 1838 irriges
547 1754 676 1817 diverso
700 1767 846 1838 ternpore
870 1755 974 1834 nasci,

184 1856 247 1937 Qui
275 1856 388 1929 variam
411 1857 568 1921 Phoeben
590 1857 692 1922 alieno
715 1858 841 1920 iusserit
864 1857 933 1942 igni

184 1957 351 2040 Cornpleri
374 1959 546 2044 Solemque
569 1981 645 2036 suo,
668 1960 852 2041 porrexerit
877 1959 968 2022 trudis

182 2060 318 2138 Litora,
343 2061 490 2124 tellurem
515 2063 619 2126 medio
642 2063 808 2125 libraverit
831 2084 903 2126 axe.

225 2164 289 2227 Seu
310 2186 406 2248 quom
429 2184 481 2228 res
503 2165 664 2228 hominurn
688 2176 772 2227 tanta
796 2164 930 2248 caligine
954 2165 1044 2229 volvi

160 2258 390 2348 'Adspicerem
413 2266 578 2350 laetosque
602 2267 654 2329 diu
676 2267 795 2330 llorere
818 2280 970 2330 nocentes

180 2366 367 2450 Vexarique
389 2355 483 2450 pios,
508 2390 618 2431 rursus
642 2369 797 2432 labefacta
822 2371 955 2432 cadebat

179 2468 313 2552 Religio
335 2489 513 2553 eattsaeque
536 2469 618 2533 viana
641 2491 706 2532 non
729 2484 843 2553 sponte
867 2474 1025 2554 sequebar

180 2570 345 2649 Alterius,
372 2592 474 2635 vacuo
498 2593 579 2655 quae
602 2592 731 2636 currere
755 2573 871 2636 semina
896 2586 985 2637 motu

178 2673 328 2737 Affirmat
350 2695 562 2758 magnumque
586 2691 685 2738 novas
708 2696 767 2756 per
789 2674 882 2738 inane
904 2676 1025 2759 figuras
1104 2670 1107 2674 ⁴

178 2777 342 2853 Fortuna,
366 2798 432 2841 non
454 2787 542 2854 arte,
567 2777 659 2861 regi:
685 2798 766 2861 quae
790 2778 914 2840 numina
938 2800 1033 2843 sensu

176 2879 341 2962 Ambiguo
365 2868 525 2942 vel'nulla
547 2890 639 2960 putat
663 2880 712 2940 vel
736 2879 839 2943 nescia
864 2880 980 2944 nostri.

217 2978 364 3045 Abstulit
385 2982 471 3043 huno
494 2982 618 3043 tandein
642 2981 752 3045 Rufini
774 3002 880 3064 poena
902 2984 1071 3046 ttunultum
1266 2990 1310 3053 20

174 3081 393 3167 Absolvitque
416 3085 508 3146 deos.
553 3083 621 3145 Iam
645 3105 707 3146 non
731 3086 771 3146 ad
793 3084 926 3146 culruina
949 3106 1056 3148 rerum
1147 3128 1150 3132 -

140 3215 142 3221 ·
174 3182 315 3248 Iniustos
338 3183 481 3248 crevisse
504 3205 645 3268 queror:
670 3187 829 3266 tolluntur
850 3185 882 3249 in
905 3188 1001 3251 altum

151 3287 220 3352 tu
240 3286 333 3370 lapsu
356 3287 511 3371 graviore
532 3274 638 3351 ruant.
661 3319 702 3333 -

611 3430 661 3494 II.
684 3428 860 3515 Elysium.

173 3537 354 3618 (Pnuroan
366 3537 625 3603 Pnosnne1unn12
644 3561 686 3601 ns:
696 3540 984 3607 RaeruPnosrue.
1001 3542 1051 3607 II.
1061 3563 1095 3607 v.
1107 3543 1307 3628 ott-306.)

213 3649 333 3714 Desine
357 3649 489 3714 funestis
512 3651 672 3726 animum,
698 3652 914 3735 Proserpina,
940 3653 1027 3718 curis

169 3753 216 3816 Et
238 3773 322 3816 vano
348 3773 470 3816 vexare
492 3765 590 3815 metu.
637 3754 766 3817 Maiora
790 3756 949 3818 dabuntur

171 3854 305 3936 Sceptra
329 3874 388 3916 neo
410 3854 534 3938 indigni
559 3859 670 3918 taedas
693 3855 815 3936 patiore
839 3856 956 3921 mariti.
1040 3866 1042 3871 '

171 3955 231 4018 llle
254 3976 318 4039 ego
342 3955 469 4018 Saturni
493 3959 621 4037 proles,
647 3956 698 4019 cui
722 3957 866 4020 machina
889 3980 996 4021 rerum
1234 3965 1303 4029 280

170 4056 277 4120 Servit
300 4067 331 4119 et
352 4046 535 4120 immensum
559 4060 657 4121 tondit
679 4059 850 4141 perinane
872 4046 1025 4141 potestas.

171 4158 333 4223 Amissum
357 4179 396 4220 ue
418 4161 512 4221 erede
535 4161 629 4223 diern.
676 4163 757 4223 Sunt
781 4162 879 4223 altera
902 4163 996 4226 nobis

172 4263 303 4338 Sidera,
328 4273 401 4324 sunt
425 4265 523 4326 orbes
546 4262 612 4338 alii;
637 4265 805 4346 lumenque
828 4263 951 4326 videbis
