2782 4762
175 194 238 258 860

172 352 218 417 Ut
240 362 331 435 pater
353 352 428 418 totis
451 350 572 416 creavit
596 371 710 414 vernus
734 368 845 410 anonim
869 344 1023 420 nubibus,

173 453 213 517 In
236 453 336 518 siurim
361 453 490 518 maritus
513 453 614 518 imber
635 451 728 515 fliixit
750 452 849 514 almae
872 448 1036 530 coniugis,

172 556 265 619 Unde
286 558 369 621 setus
392 558 508 621 mixtus
531 578 640 620 omncs
663 555 760 617 aleret
783 573 899 637 magno
922 570 1074 634 corpore.

171 657 246 740 Ipsa
271 681 366 723 vonas
389 671 484 743 atque
508 670 642 722 mentem
664 667 847 739 permeante
870 653 985 734 spiritu

173 759 266 823 lutus
289 762 424 825 occultis
448 765 607 848 gubernat
631 757 832 841 procreatrix
855 757 997 832 viribus,

172 860 303 947 Perque
326 865 448 927 caelum
471 885 592 946 perque
615 875 717 924 terras
739 882 860 944 perque
882 870 1016 941 pontum
1039 856 1200 921 subditum
1261 859 1305 920 65

173 962 326 1028 Pervium
349 967 397 1029 sui
420 976 562 1030 tenorem
587 964 728 1028 seminali
750 963 876 1027 tramite

173 1065 293 1130 lmbnit
315 1067 469 1151 iussitque
492 1070 639 1130 meandum
664 1087 760 1130 nosse
783 1063 1033 1128 nascendivias.

220 1168 303 1233 Cras
317 1180 414 1246 amet,
431 1170 485 1254 qui
502 1191 659 1252 nunquam
673 1167 808 1241 arnnvit;
826 1168 943 1251 quique
960 1165 1094 1242 amavit,
1113 1187 1183 1228 cras
1199 1174 1301 1229 amet.

172 1269 249 1350 Ipsa
273 1269 436 1338 'l'roiaoos
460 1274 599 1335 Penates
622 1270 651 1334 in
675 1270 810 1332 Latinos
834 1269 1010 1344 transtulit,

172 1371 248 1452 lpsa
271 1372 467 1457 Laurentem
491 1374 627 1454 puellam
651 1372 818 1455 coniugem
842 1383 916 1434 nato
940 1370 1042 1444 dedit3
1259 1370 1303 1432 70

100 1551 101 1555 Ἰ
172 1473 322 1557 Moxque
337 1473 450 1562 'Marti
473 1477 511 1542 de
533 1474 651 1537 sacello
675 1477 728 1536 dat
750 1473 897 1555 pudicam
923 1471 1098 1557 virginem}

99 1562 100 1567 ἵ
174 1575 350 1654 Itoumlcas
372 1577 439 1659 ipsa
462 1576 540 1640 fecit
563 1599 632 1638 etun
658 1575 782 1638 Sabinis
804 1574 948 1658 nuptias3
1011 1579 1013 1589 ⁴

172 1674 265 1739 Unde
288 1675 426 1740 Ramnes
449 1687 480 1737 et
504 1675 645 1752 Quirites
668 1695 795 1758 proque
817 1675 910 1756 prole
932 1674 1096 1755 posterum

172 1776 305 1839 Romuli
326 1788 450 1858 patrem
473 1788 599 1839 crearet
622 1786 652 1838 et
680 1786 827 1858 nepotem
852 1774 1036 1839 Caesarem.

216 1876 299 1942 Cras
321 1890 421 1956 amet,
453 1878 508 1962 qui
530 1900 689 1962 uunquam
714 1876 847 1952 antevit3
879 1877 995 1961 quique
1017 1873 1151 1952 amavit,
1178 1896 1254 1937 cras

982 1990 1077 2044 amet.
1256 1981 1297 2040 75

175 2083 263 2146 Rura
286 2082 435 2145 sectandat
457 2083 622 2164 uoluptas,
647 2103 721 2147 rura
744 2083 906 2146 Venerem
928 2081 1079 2144 sentiunt.

172 2182 249 2265 lpse
271 2184 377 2248 Amor
398 2207 479 2267 puer
500 2184 627 2249 Dionae
648 2206 724 2249 rure
747 2196 837 2248 natus
861 2183 989 2249 dicitur.

173 2286 288 2360 Hunc,
314 2307 394 2370 ager
417 2309 512 2369 quom
537 2287 728 2369 parturiret,
751 2287 820 2368 ipsa
843 2286 983 2367 suscepit
1005 2283 1088 2357 sinu;

172 2386 249 2469 Ipsa
271 2387 387 2453 florum
410 2387 552 2451 delicatis
575 2390 721 2452 educavit
743 2388 873 2452 osculis.

215 2487 299 2556 Cras
321 2500 432 2565 amet,
449 2490 504 2574 qui
526 2511 685 2574 nunquam
709 2489 845 2564 amovit3
878 2488 995 2573 quique
1018 2486 1151 2563 amovit,
1177 2509 1252 2549 cras

471 2659 477 2671 ,
983 2603 1077 2658 amm.
1252 2591 1296 2651 ab

171 2682 260 2756 Ecce
282 2691 342 2758 iam
366 2711 463 2775 super
486 2704 634 2777 genestae
658 2695 818 2777 explicant
841 2693 926 2759 tauri
947 2695 1047 2767 latus;

170 2792 315 2878 Quisque
337 2805 444 2870 tutus,
470 2817 535 2880 quo
558 2809 702 2873 tenetur,
729 2795 890 2880 coniugali
911 2797 1058 2862 foedere.

170 2897 289 2958 Subter
310 2899 439 2959 umbras
463 2916 533 2975 cum
557 2898 677 2961 maritis
701 2920 774 2962 eece
797 2900 956 2964 balantum
980 2918 1117 2982 gregesz

172 2995 218 3060 Et
239 3019 374 3065 canoras
396 3019 460 3063 non
483 3010 590 3063 tacere
614 3001 810 3069 Divaiussit
833 3002 936 3066 alites.

170 3097 238 3160 lam
260 3101 413 3184 loquaces
437 3121 493 3165 ore
516 3123 615 3166 rauco
638 3115 749 3187 stagna
773 3103 868 3187 cygni
888 3113 1105 3186 perstrepunt.
1251 3103 1295 3165 85

169 3199 314 3267 Assonat
338 3201 434 3269 Terei
456 3203 562 3284 puella
584 3206 694 3269 subter
717 3207 859 3269 umbram
882 3205 1013 3288 populi,

171 3302 216 3367 Ut
238 3313 331 3383 putes
354 3306 598 3386 mettis-amoris
622 3327 679 3370 ore
701 3307 763 3369 dici
789 3310 910 3373 ariusico

170 3404 215 3471 Et
237 3425 337 3488 neges
359 3406 452 3490 queri
473 3428 620 3477 sororem
644 3411 682 3474 de
705 3411 819 3474 ritarito
839 3412 992 3478 barbaro.

169 3505 228 3576 llla
254 3518 377 3570 cantat:
401 3529 461 3571 nos
483 3520 635 3588 tacemus.
681 3512 818 3592 Quando
843 3535 900 3580 ver
922 3511 1008 3578 venit
1031 3510 1162 3574 uicum?

172 3608 308 3694 Quando
331 3609 443 3672 faciam
466 3611 510 3675 uti
534 3611 711 3690 Chelidon,
735 3625 770 3682 ut
792 3626 898 3678 tacere
921 3614 1082 3692 desinam?
1252 3617 1295 3679 90

169 3710 301 3778 Perdidi
324 3712 453 3779 Musam
477 3716 630 3790 tacendo,
656 3738 715 3778 nec
739 3738 787 3783 me
809 3718 963 3781 Phoebus
986 3715 1129 3797 respicit.

145 3811 225 3879 ‘Sic
249 3815 419 3894 Amyclas,
445 3836 541 3898 quom
563 3827 726 3893 tacerent,
751 3819 887 3900 perdidit
910 3819 1081 3881 silentium.

212 3912 294 3981 Cras
307 3929 409 3994 amet,
427 3917 481 3999 qui
498 3939 655 4002 utinquam
669 3920 802 3994 aumvit;
820 3919 939 4004 quique
956 3920 1090 3996 amavit,
1108 3941 1179 3995 cras
1195 3933 1293 3984 annot.

241 4036 461 4105 6⁰·ucrwretW.
482 4045 508 4090 S.
548 4040 839 4107 instaurationes,
878 4045 919 4091 69.
939 4053 1040 4104 nepotes
1061 4047 1103 4089 W.
1124 4046 1149 4090 S.
1190 4044 1295 4091 teno-

170 4110 282 4158 mulures
300 4110 392 4168 lligler.
433 4109 473 4157 73.
490 4109 625 4162 Rhemum.
647 4117 672 4159 S.
713 4114 753 4160 78.
774 4114 845 4158 Hom
865 4129 947 4176 eger,
968 4130 1039 4174 qitom
1056 4116 1198 4172 parturiret
1217 4119 1293 4172 epau,

168 4194 191 4222 a.
211 4193 234 4223 a.
256 4179 297 4224 W.
336 4177 378 4226 81.
397 4183 513 4240 geniales
533 4184 574 4229 W.
595 4185 621 4228 S.
660 4181 702 4235 83,
722 4198 826 4246 gregem
845 4186 871 4231 S.
910 4182 951 4232 90.
974 4193 1000 4230 ut
1019 4181 1136 4230 Chelidon
1156 4185 1198 4230 W.

648 4303 828 4318 μ
