2782 4762
342 635 464 711 SEX.
501 634 750 708 AURELH
790 634 1126 710 PROPERTII

523 815 700 874 euectuu
727 814 953 874 sunnone

517 1153 616 1215 Luuu
638 1153 668 1215 Ι.
712 1152 891 1217 ELEGIA
917 1153 965 1215 ll.

179 1320 265 1403 Quid
287 1321 375 1385 iuvat
397 1331 514 1384 ornato
537 1324 733 1400 procedere,
758 1320 842 1394 vita,
868 1319 983 1402 capillo

221 1426 265 1487 Et
288 1435 398 1486 leuues
421 1422 492 1486 Coa
516 1432 605 1484 veste
628 1442 759 1485 ruovere
781 1422 887 1501 sinus,

179 1527 247 1590 Aut
269 1525 344 1609 quid
367 1526 510 1589 Orontea
533 1522 638 1586 crines
660 1523 855 1603 perfundere
879 1526 1006 1605 myrrho

241 1631 354 1710 Teque
376 1626 555 1711 peregrinis
577 1628 717 1690 vendere
739 1626 922 1690 muneribus

178 1733 387 1813 Naturaeque
409 1732 504 1793 decus
527 1740 670 1792 mercato
692 1731 829 1808 perdere
851 1731 939 1792 cuitu

242 1834 313 1896 Nec
335 1832 439 1895 sinere
461 1831 493 1894 iu
515 1829 659 1912 propriis
682 1833 822 1893 rueruhra
846 1833 946 1895 nitere
968 1833 1085 1896 bouis?

180 1933 286 2000 Crede
309 1935 402 2009 mihi,
428 1955 491 1997 uon
515 1933 576 1995 ulia
601 1945 672 1995 tuae
695 1944 744 1995 est
765 1932 918 1996 medicina
939 1936 1084 2017 figurae:

240 2039 354 2099 Nudus
378 2037 483 2098 Amor
504 2034 627 2098 formae
649 2056 713 2121 nou
737 2046 820 2096 amat
842 2036 1007 2099 artificem.

178 2138 341 2218 Adspice,
367 2158 447 2218 quos
471 2136 634 2198 summittit
657 2138 769 2198 htunus
791 2137 935 2201 formosa
958 2138 1104 2214 colores,

243 2242 288 2303 Ut
310 2239 437 2302 venient
459 2240 597 2300 hederae
620 2249 735 2318 spoute
758 2259 812 2300 sun
836 2239 965 2314 melius,

179 2343 298 2424 Surget
321 2351 352 2402 et
374 2339 405 2401 iu
427 2339 701 2404 solis‘sortnosius
724 2342 855 2402 arbutus
878 2341 992 2418 antris,

230 2555 268 2614 (lo
290 2558 375 2601 iterate
402 2557 445 2600 hac
469 2557 514 2600 Ed.
541 2556 651 2601 consului
683 2570 753 2600 eures
772 2556 874 2601 lecobsii
894 2563 918 2602 et
940 2559 1061 2611 Betrkeri,
1093 2564 1143 2602 tutu
1170 2559 1296 2614 Petdnrni,

180 2627 260 2672 leeobi
286 2631 310 2670 et
330 2626 475 2670 Lechtnauni
497 2627 630 2670 secundos:
657 2621 729 2679 (1.2.)
748 2640 800 2669 curu
819 2640 847 2670 ee
865 2631 943 2671 lemen
968 2628 1096 2681 cautione,
1123 2642 1192 2684 quem
1212 2632 1297 2673 sunde-

178 2697 219 2740 but
238 2697 360 2747 severior,
392 2697 433 2739 sed
458 2696 481 2738 in
507 2695 587 2738 multis
606 2695 736 2738 iustissime
762 2695 845 2737 herum
863 2698 934 2739 trium
954 2697 1015 2740 Edd.
1036 2696 1143 2740 Censura
1161 2698 1297 2752 Lipsiensis

181 2762 256 2811 1830.
277 2779 300 2820 p.
321 2760 380 2809 505.
410 2765 499 2822 Meguo
513 2778 586 2819 opere
605 2767 685 2806 nutem
701 2765 831 2806 laudandus
850 2779 880 2809 eo
903 2765 998 2809 nornine
1017 2770 1054 2810 eet
1071 2764 1136 2820 Le,
1162 2768 1223 2823 quod
1248 2769 1297 2821 pte·

178 2848 265 2892 resque
289 2847 345 2877 sues
373 2834 523 2877 coniecturas
547 2839 667 2891 teruqueru
686 2835 833 2877 certissimas
850 2834 918 2889 prius
937 2847 951 2878 e
974 2849 1000 2879 se
1018 2835 1157 2890 propositas
1176 2841 1297 2891 receptus·

179 2918 224 2961 que
244 2904 315 2948 tacite
335 2916 395 2946 nnnc
413 2900 523 2959 reiecit.)

598 3029 652 3076 Lte.
673 3029 693 3073 1.
730 3028 827 3073 ELEG.
848 3029 879 3072 ΙΙ.

232 3114 256 3160 2.
278 3111 327 3159 Coo
354 3119 435 3167 ceste,
463 3113 604 3179 botubyciua
629 3129 649 3158 s.
676 3116 768 3168 serice,
797 3115 927 3169 pellucido,
958 3119 980 3158 et
1008 3117 1074 3172 quest
1093 3116 1183 3168 vitree,
1213 3118 1296 3173 quates

179 3185 305 3240 bombycis
326 3197 354 3228 ex
382 3183 466 3227 uttitno
486 3188 579 3228 oriente
597 3185 669 3227 allatu
695 3189 862 3240 retorquentes
890 3185 1004 3227 mulieres
1025 3185 1048 3227 in
1075 3185 1111 3228 Co
1133 3185 1211 3228 insule
1231 3191 1296 3230 texe·

179 3256 245 3299 baut.
274 3267 298 3297 v.
317 3253 418 3296 Aristot.
447 3253 477 3296 11.
496 3259 526 3296 A.
548 3250 571 3297 5.
601 3251 642 3297 10.
666 3266 690 3307 p.
719 3250 777 3297 523.
798 3253 856 3296 Ces.
876 3252 994 3296 Heindorf
1008 3253 1036 3296 ed
1059 3255 1119 3297 Hor.
1140 3253 1191 3296 Set.
1214 3252 1241 3308 1,
1264 3252 1295 3308 2,

182 3321 241 3369 101.
298 3319 322 3366 3.
348 3319 458 3365 Orontea
485 3322 514 3365 eb
544 3321 653 3375 Oronte,
683 3323 767 3375 Suriae
797 3321 880 3365 fluvio.
936 3319 961 3366 5.
988 3321 1098 3379 prodere
1122 3323 1206 3365 Burin.
1229 3324 1295 3367 cooi.

181 3391 205 3438 8.
237 3388 352 3451 sormam
381 3391 465 3435 Heius.
502 3392 586 3434 Burin.
621 3391 706 3444 Kuin.,
743 3395 769 3433 nt
795 3390 866 3434 Pers.
900 3387 929 3442 5,
963 3387 1006 3435 40.
1074 3390 1098 3438 9.
1127 3403 1188 3448 quoe
1218 3392 1294 3435 Codd.

181 3462 305 3515 meliores,
332 3461 380 3503 lec.
406 3459 476 3504 Petd.
495 3464 605 3516 -quot
624 3461 708 3504 Volso.
733 3461 822 3518 Vulgo.
850 3480 879 3491 -
905 3473 951 3517 quo
981 3473 1046 3503 eum.
1067 3457 1113 3503 Ll.
1134 3460 1157 3502 id
1176 3465 1254 3512 esset,
1275 3462 1295 3503 si

181 3531 282 3589 henigne
303 3529 455 3584 interpretari
480 3529 553 3572 reiis:
574 3528 688 3583 „adspice
707 3542 751 3582 eo,
778 3530 817 3572 ubi
839 3529 902 3572 cet.”
920 3530 982 3584 quod
1002 3529 1058 3572 mihi
1077 3532 1213 3572 eoulorturn
1231 3530 1295 3573 ride-

180 3605 228 3645 tur.
266 3600 355 3652 ltumo,
377 3602 402 3641 ut
428 3611 511 3642 ornnes
529 3596 612 3640 Latine
629 3600 731 3641 seientes
750 3612 796 3640 uuo
820 3611 862 3640 ore
882 3596 1070 3651 profitebuntur,
1092 3597 1231 3641 manifestus
1260 3603 1297 3642 est

180 3683 265 3722 error,
295 3681 365 3725 quern
395 3667 426 3710 V.
451 3667 481 3710 D.
514 3679 634 3723 nuoquruu
651 3667 760 3721 recipere
778 3666 908 3711 debuisset.
965 3663 1006 3710 10.
1028 3672 1054 3710 ul
1074 3668 1148 3710 ltelus
1168 3671 1294 3710 corrector

180 3739 204 3782 in
225 3737 294 3781 statii
314 3737 374 3781 Cod.
399 3736 472 3790 Vutp.
497 3735 526 3778 L.
547 3758 578 3768 -
598 3739 623 3777 el
638 3735 734 3790 reliqui.
756 3735 804 3779 lec.
824 3732 870 3781 m.
892 3748 991 3789 prorsus
1010 3736 1089 3780 luxata
1106 3735 1293 3780 constructione.

183 3804 223 3850 11.
231 3802 382 3866 formosius]
399 3804 573 3863 Negligeutiuur
587 3803 646 3846 hene
662 3804 766 3848 defendit
778 3795 981 3848 Hernsteuhusius.
990 3801 1138 3862 -selice'ue
1151 3804 1250 3850 Larlun.
1265 3827 1293 3836 -

177 3874 305 3932 pomoeior
324 3875 406 3918 Heius.
428 3898 460 3908 -
471 3870 623 3930 frondosior
637 3874 714 3917 Bentl.
735 3873 805 3926 prob.
822 3873 891 3918 Pctd.
906 3873 995 3916 Contra
1015 3887 1059 3928 pro
1078 3870 1167 3916 decenne
1175 3870 1295 3930 formose

182 3944 279 3987 waiet.
299 3943 394 3987 rotebut
413 3941 503 3986 liumus
520 3954 568 3985 nou
593 3954 675 3986 ceree.
732 3939 773 3986 13.
793 3943 829 3986 lta
850 3942 879 3985 L.
900 3955 928 3985 ex
953 3943 1029 3986 Godd.
1057 3943 1188 3998 perlucent
1207 3946 1297 3987 ineuutt

182 4011 287 4056 Huschk.
307 4013 335 4054 ed
355 4011 410 4058 Tib.
434 4011 461 4066 1,
492 4009 521 4065 7,
552 4007 594 4055 21.
623 4011 720 4054 nativos
738 4025 785 4069 per
803 4024 831 4054 ee
849 4010 908 4054 dent
924 4012 996 4069 picto
1012 4012 1133 4068 lapillos,
1153 4009 1185 4054 Et
1203 4018 1297 4055 cancul

181 4082 246 4127 Scel.
266 4081 330 4124 eoui.
356 4081 425 4138 vulgo
447 4085 551 4136 recepte.
610 4077 650 4128 15.
670 4081 836 4135 Desponderet
853 4081 986 4135 Leucippus
1004 4080 1117 4124 Phoeben
1137 4084 1161 4124 et
1180 4081 1296 4124 Hilnirorn

181 4152 276 4200 Lintea
294 4154 317 4193 et
337 4149 409 4201 ldee,
438 4151 542 4202 Apharei
560 4147 637 4205 filim
657 4151 743 4194 (testor
764 4164 791 4194 ec
806 4150 893 4194 Pollux
915 4163 955 4194 ens
977 4163 1093 4204 rapuere,
1113 4153 1194 4204 reptes
1213 4153 1295 4204 sponsi

181 4220 357 4277 repetiverunt,
379 4219 420 4264 sed
433 4233 446 4261 e
457 4218 572 4264 rivalibus
589 4219 661 4263 occisi
672 4224 735 4264 snut.
746 4219 826 4276 (l’iud.¹
845 4219 914 4264 Nem.
929 4214 974 4272 10,
997 4215 1068 4274 110.)
1080 4218 1185 4262 Theocr.
1201 4219 1236 4262 ld.
1252 4217 1293 4263 22.
