2782 4762
119 344 197 409 Nou
218 345 332 409 domus
353 344 415 408 ulla
438 344 528 410 iores
550 344 680 422 habuit,
704 364 769 409 uon
792 342 932 408 lixusiu
956 341 1064 430 agris,

184 444 250 527 Qui
270 458 400 530 regeret
422 445 520 511 certis
542 445 659 512 linibus
681 466 782 525 erra,
806 445 904 530 lapis.
1000 461 1005 471 ’

120 547 219 633 lpsae
241 549 335 612 mella
356 551 473 613 dabant
494 550 810 634 quercus'ultroque
830 547 979 614 ferebant

173 649 291 716 ‘Obvia
313 650 435 715 securis
456 653 557 715 ubera
579 652 672 716 lactis
693 672 786 718 oves.

120 753 198 818 Non
220 752 328 830 acies,
353 774 417 817 uon
439 753 487 818 ira
508 753 589 831 luit,
614 774 680 820 non
701 754 785 818 bella
809 773 868 818 nec
889 752 998 819 ensem

182 854 301 919 Immiti
324 876 440 920 saevus
463 846 598 920 duxerat
622 855 818 923 arte'laber.

120 958 217 1023 Nunc
238 957 321 1022 lore
342 959 403 1022 snb
422 957 554 1024 domino
576 960 704 1022 caedes·
718 969 758 1023 et·
772 959 906 1023 volnera
927 978 1072 1043 semper,

183 1060 279 1124 Nunc
302 1082 406 1139 mare,
432 1081 516 1124 nuuc
538 1060 595 1125 leti
617 1059 702 1125 inille
722 1071 862 1144 repente
882 1060 983 1126 vino·
1046 1082 1049 1087 ·

121 1163 251 1240 Parce,
274 1167 387 1246 pater!
411 1163 552 1227 timidum
575 1184 638 1228 non
661 1184 710 1227 me
732 1163 873 1245 periuria
899 1174 1040 1242 terrent,
1115 1188 1117 1193 ⁴

183 1267 259 1331 Non
285 1266 368 1330 dicta
391 1266 422 1330 in
445 1277 576 1331 sanctos
597 1263 693 1348 impia
714 1258 817 1330 verba
838 1268 931 1331 deos.

121 1366 217 1449 Quod
238 1368 267 1432 si
288 1369 402 1457 latales
424 1367 485 1433 iam
508 1389 592 1432 nunc
612 1367 810 1451 explevimus
836 1388 958 1446 anuos,
982 1385 985 1391 '
1016 1407 1021 1415 ·

183 1471 251 1535 Fac
272 1471 353 1554 lapis
374 1471 537 1554 inscriptis
563 1481 627 1534 stet
643 1485 742 1553 super
763 1491 837 1536 ossa
852 1459 967 1537 'nolint

120 1573 189 1637 Hm
211 1594 314 1637 moen
336 1596 459 1637 autumn
482 1593 695 1638 consumemus
717 1581 833 1638 uscire
857 1575 1051 1653 Trecentis,
1154 1593 1159 1603 ’

182 1677 378 1741 Messenen!
400 1699 507 1739 nanus
528 1696 601 1738 nom
623 1674 848 1752 snoninunpnn
871 1686 969 1740 nsunt.
1068 1700 1071 1705 ·

120 1779 183 1842 Sed
205 1800 274 1857 me,
298 1781 386 1864 qitod
407 1778 509 1843 facilis
532 1788 736 1842 tenerorum
759 1799 888 1862 semper
909 1777 1049 1854 Amori,
1153 1798 1156 1805 ·
1192 1800 1197 1808 ·
1225 1790 1228 1797 ⁴

182 1880 257 1964 Ipsa
280 1881 394 1945 Venus
417 1902 549 1965 campos
571 1874 669 1945 ducet
687 1883 727 1944 ad
749 1879 895 1962 Elysios.

120 1981 186 2047 Hic
208 1984 348 2049 choreae
370 1995 546 2068 cautusque
568 1983 681 2068 vigent
702 1982 884 2067 passimque
906 1992 1061 2068 vagantes
1150 2004 1154 2013 ·
1193 2002 1198 2013 ·

182 2084 286 2150 Dulce
309 2096 424 2151 sonant
446 2085 532 2149 tenui
554 2094 684 2170 gutture
706 2079 833 2150 carmen
856 2105 945 2150 aves.

118 2187 200 2252 Fert
221 2187 337 2252 casiam
359 2208 424 2252 uon
446 2188 530 2251 culta
554 2208 646 2273 seges
670 2198 821 2273 totosque
843 2184 1023 2273 peragens

183 2290 300 2354 Floret
322 2289 465 2354 odoratis
488 2289 736 2375 terra·benigna
757 2289 863 2368 rosis,

59 2383 63 2390 ’
120 2393 173 2455 Ac
195 2391 345 2456 iuvenum
369 2392 468 2456 series
487 2391 607 2457 teneris
630 2391 772 2456 immixta
794 2393 916 2476 puellis-

128 2535 131 2540 -
180 2494 282 2559 Ludit
304 2506 336 2558 et
358 2494 483 2559 assidue
504 2495 629 2578 proelia
652 2493 765 2559 miscet
792 2496 911 2561 Amor.

118 2595 192 2660 lllic
213 2607 281 2673 est,
305 2596 484 2683 cuicunque
504 2618 606 2681 rapax
629 2617 718 2662 mors
745 2598 832 2663 venit
851 2599 986 2680 amanti,

181 2701 227 2766 Et
249 2699 335 2786 gerit
357 2699 474 2784 insigni
497 2709 617 2780 myrtea
639 2711 723 2764 serta
746 2722 851 2766 coma.

119 2805 166 2868 At
186 2803 341 2866 scelerata
363 2801 444 2865 iacet
466 2805 557 2866 sedes
578 2802 611 2866 in
634 2813 730 2867 nocte
747 2803 909 2886 profunda

174 2904 325 2981 Abdita,
349 2926 443 2991 quam
467 2903 588 2968 circum
605 2904 737 2970 ‘flumina
758 2905 850 2990 nigra
870 2918 999 2973 nonant.

119 3005 363 3091 Tisiphoneque
384 3006 512 3090 impexa
535 3007 627 3072 ieros
648 3027 711 3091 pro
734 3006 875 3091 crinibus
896 3029 1018 3095 angues

184 3101 294 3175 Saevit
317 3121 348 3173 et
368 3111 432 3173 huc
453 3109 528 3173 illuc
552 3109 649 3193 impia
673 3111 767 3175 turba
787 3109 884 3197 sugit.

119 3215 202 3277 Tum
225 3212 318 3298 niger
338 3212 371 3276 in
392 3225 488 3296 porta
515 3223 697 3295 serpentum
720 3210 885 3278 Cerberus
909 3235 967 3280 ore
1009 3200 1011 3205 ⁵

181 3314 303 3379 Stridet
325 3326 357 3379 et
379 3322 503 3379 aeratas
523 3313 662 3380 excubat
684 3326 756 3379 ante
774 3316 876 3380 fores.

117 3498 227 3544 Bronkli.
246 3500 278 3548 V.
317 3497 360 3546 54.
380 3498 491 3557 Atlnps's
503 3501 536 3546 V.
569 3500 606 3546 lb.
620 3499 778 3556 iuscriptias
794 3501 852 3546 Cdd.
869 3501 1040 3557 optt.Lacbm.
1054 3500 1241 3561 -iuacriptun

116 3565 306 3627 Cdd.>aliq..v.
334 3570 363 3614 B.
392 3591 421 3602 -
448 3568 489 3614 tte
510 3571 622 3628 scriptur
649 3573 678 3615 de
703 3571 807 3615 l'ruterii
839 3571 903 3615 coni.
929 3572 1018 3630 Volgo.
1056 3571 1083 3615 ln
1107 3572 1241 3630 inscriptis

116 3652 188 3684 nemo
211 3638 311 3684 haerere
335 3643 424 3694 potest.
469 3637 506 3683 Ad
532 3641 638 3685 Frnlerii
663 3640 727 3684 coni.
754 3639 846 3686 confer.
865 3639 937 3685 Ovio.
968 3639 1074 3686 Hei-oid.
1102 3631 1239 3696 lt‚-128'.

116 3706 265 3767 Scriptaque
288 3708 341 3752 sint
366 3708 440 3753 titulo
467 3715 556 3754 nostra
579 3710 698 3766 sepulcro
722 3709 800 3754 hreni.
866 3708 908 3756 57.
928 3711 971 3770 qni
989 3710 1066 3756 Codd.
1087 3712 1187 3768 aliquot.
1206 3733 1241 3746 -

116 3778 159 3836 qni
177 3802 188 3815 ·
205 3778 256 3822 sim
273 3778 305 3823 V.
361 3775 402 3822 58.
423 3777 457 3822 ud
473 3776 591 3838 Elysios]
609 3777 718 3824 firmatur
736 3792 750 3822 a
765 3777 828 3824 cla.
845 3779 961 3834 Lucinam,
982 3781 1021 3837 qni
1042 3794 1097 3824 com
1110 3781 1164 3825 aliis
1179 3780 1260 3826 Gdd«.

114 3847 142 3891 in
160 3848 282 3903 praetulit.
321 3846 407 3892 Obstat
424 3848 526 3892 imitatio
547 3849 647 3893 Domitii
665 3849 741 3893 Marsi
761 3850 785 3894 in
811 3850 889 3908 epigr.
909 3850 933 3894 iu
955 3848 1094 3896 Tibullum:
1114 3874 1147 3885 -
1167 3847 1241 3896 Mors

116 3916 230 3961 iunonem
247 3929 350 3975 compos
368 3915 487 3962 misit-nd
497 3910 613 3977 Elysios.
670 3915 711 3963 61.
729 3931 777 3975 per
794 3931 876 3963 annos
894 3919 1003 3965 Sauleuii
1018 3933 1086 3974 susp.
1143 3917 1186 3965 63.
1204 3918 1242 3966 Ac

114 3999 168 4030 eum
190 3986 251 4030 Cod.
271 3987 330 4043 aliq.
359 3991 383 4030 et
410 3987 512 4031 vossio.
549 3986 608 4032 Cir..
622 3989 652 4032 ad
669 3987 774 4032 lerinam
796 3989 913 4033 oratlouis
932 4002 955 4033 v.
976 3985 1019 4034 at.
1038 4008 1073 4023 -·
1090 3986 1146 4032 Hor
1169 3990 1241 4034 solita

113 4056 252 4111 corruptele
268 4055 332 4110 Alii,
352 4057 413 4101 nude
437 4056 505 4112 tran,
531 4058 630 4117 Vulgo:
650 4080 683 4091 —
707 4054 766 4102 1110.
802 4057 850 4102 Alii
866 4057 929 4115 freq.
952 4057 1093 4104 confusione
1109 4057 1157 4116 1123
1178 4059 1241 4117 quod

114 4127 206 4182 recepit
226 4124 343 4182 beelim„
363 4125 397 4168 ita
419 4129 444 4169 ut
460 4123 501 4171 fiat
519 4127 639 4183 oppositio
655 4127 735 4184 eliqua
753 4127 816 4172 inter
837 4139 953 4171 aanoeoos
971 4127 1027 4172 illos
1040 4140 1113 4187 agros
1129 4132 1152 4173 rt
1174 4128 1241 4176 iuve-

11 4247 17 4254 ,
113 4208 187 4250 num,
207 4195 247 4253 qni
262 4208 305 4240 eos
322 4194 502 4250 perambulant,
524 4197 601 4241 ludos.
647 4198 740 4243 Verum
757 4197 822 4252 boc,
843 4196 887 4241 etsi
906 4195 1042 4252 speciosum
1050 4227 1057 4252 ,
1077 4196 1176 4253 probari
1199 4210 1241 4241 ne·

114 4265 168 4323 quit
184 4269 283 4323 propter
304 4265 375 4324 longe
398 4265 515 4312 maiorem
533 4260 715 4340 oppositionem·
731 4279 796 4312 vers.
817 4262 860 4312 ⁶7.
881 4264 934 4323 (ubi
956 4267 998 4312 alii
1016 4267 1074 4312 item
1094 4264 1160 4322 Ar),
1179 4279 1240 4326 qnae
