2782 4762
1089 196 1093 208 '
1173 192 1234 257 1⁰1

112 356 276 439 (trraenam
300 367 332 420 te
352 354 461 441 genuit
483 356 551 420 sola
574 357 633 418 sub
655 377 734 437 rupe
753 353 886 418 leaena?
1176 352 1235 419 155

113 461 214 542 Quod
236 483 323 524 mare
346 470 536 541 conceptum
561 457 779 545 spumantibus
796 455 924 538 exspuit
946 456 1066 520 undis?

113 564 206 645 Quae
229 562 352 644 Syrtis,
375 561 584 647 quaescylla
603 583 722 643 rapax,
746 583 826 646 quae
848 572 939 625 vasta
961 558 1164 642 Charybdis,

114 666 208 730 Talia
231 666 286 752 qui
308 667 417 730 reddis
438 687 501 748 pro
524 664 609 728 dulci
632 663 775 746 praemia
798 661 886 726 vita?

114 768 150 832 si
170 767 230 831 tibi
251 791 316 833 non
339 768 432 833 cordi
453 768 581 831 fuerant
604 765 764 831 connubia
785 777 915 842 nostra,

114 875 218 936 Saeva
242 876 328 958 quod
351 875 510 936 horrebas
530 870 631 953 prisci
653 882 825 952 praecepta
847 868 1005 951 parentis,
1175 871 1237 932 tto

115 979 268 1040 Attamen
290 976 322 1038 in
345 988 468 1039 vestras
490 973 626 1058 potuisti
649 978 766 1036 ducere
788 975 897 1047 sedes,
1245 971 1247 974 ’

115 1080 206 1160 Quae
226 1079 284 1142 tihi
306 1079 445 1143 iucundo
468 1078 641 1141 famularer
662 1097 756 1139 serva
776 1075 906 1152 labore,

116 1184 260 1249 Candida
281 1182 481 1264 permulcens
502 1180 631 1266 liquidis
656 1178 792 1262 vestigia
814 1179 973 1261 lymphis,

115 1289 326 1369 Purpureave
346 1298 433 1349 tuum
455 1297 662 1348 consternens
687 1293 774 1346 veste
797 1282 916 1346 cubile.

104 1391 179 1477 set
196 1390 273 1476 qnid
292 1408 355 1474 ego
377 1387 503 1473 ignaris
522 1386 735 1472 nequidquam
756 1407 943 1471 conqueror
966 1388 1051 1452 auris
1174 1390 1234 1454 165

111 1494 309 1558 Exsternata
329 1493 430 1566 malo,
454 1513 534 1576 quae
558 1490 650 1552 nullis
671 1489 814 1553 sensibus
837 1501 947 1554 auctae

113 1599 186 1660 Nec
207 1596 314 1659 missas
334 1595 442 1658 audire
462 1605 581 1679 queunt
601 1615 659 1656 nec
680 1596 815 1656 reddere
836 1593 959 1657 voces?

113 1699 175 1763 Ille
197 1711 298 1762 autem
322 1721 428 1781 prope
447 1697 508 1760 iam
531 1696 641 1760 mediis
664 1707 810 1758 versatur
829 1695 862 1758 in
884 1697 995 1772 undis,

113 1805 186 1866 Nec
205 1802 370 1887 quisquam
395 1812 528 1883 apparet
553 1822 651 1863 vacua
675 1797 819 1861 mortalis
843 1797 875 1860 in
900 1800 985 1884 alga.
1077 1816 1079 1821 ’

84 1966 88 1974 ,
115 1905 170 1968 Sic
188 1903 283 1968 nimis
300 1905 453 1990 insultans
475 1915 620 1968 extremo
644 1914 790 1983 tempore
808 1923 902 1965 saeva
1174 1907 1236 1969 170

114 2009 201 2072 Fors
224 2007 318 2070 etiam
342 2007 461 2070 nostris
483 2006 597 2069 invidit
619 2003 785 2091 questibus
804 2003 902 2068 auris.
984 2054 988 2068 .

114 2111 261 2193 Iuppiter
286 2111 503 2192 omnipotens,
527 2110 644 2171 utinam
666 2130 705 2171 ne
726 2120 872 2190 tempore
895 2108 1017 2192 primo
1084 2181 1086 2184 y

115 2213 238 2277 Gnosia
258 2213 440 2296 Cecropiae
458 2212 637 2297 tetigissent
657 2211 755 2275 litora
778 2235 920 2295 puppes:

113 2317 278 2380 Indomitn
301 2340 360 2380 nec
381 2317 448 2379 dira
468 2317 574 2380 ferens
594 2314 751 2397 stipendia
770 2327 864 2380 tauro
920 2336 923 2341 “

114 2423 263 2485 Perfidus
281 2421 313 2483 in
336 2419 466 2484 Cretam
485 2420 652 2502 religasset
670 2421 777 2482 navita
799 2420 927 2483 funem:

114 2527 185 2588 Nec
211 2525 307 2586 malus
326 2523 380 2586 hic
404 2524 509 2587 celans
533 2522 617 2585 dulci
642 2521 909 2608 crudeliafiforma

116 2627 261 2691 Consilia
284 2627 316 2689 in
338 2625 657 2711 nostrisfflrequiesset
679 2625 807 2689 sedibus
827 2631 983 2717 hospes!¹

115 2733 197 2793 Nam
219 2753 284 2815 quo
302 2752 350 2794 me
371 2729 534 2793 reseram?
557 2728 643 2814 quali
663 2751 720 2812 spe
738 2731 863 2812 perdita
882 2730 991 2795 nitar?

115 2840 133 2875 *i
154 2835 311 2897 Idaeosne
329 2844 434 2916 petam
458 2831 598 2896 montis?
621 2834 662 2895 ah
686 2832 815 2918 gurgite
837 2834 903 2898 lato

114 3060 176 3090 rure
195 3045 312 3101 tutatum
341 3050 481 3102 saepissime
500 3049 552 3092 scil.
574 3050 645 3094 talia:
668 3054 694 3092 ut
710 3049 798 3099 eritis.
819 3055 954 3104 memento,
974 3052 1054 3104 nosti,
1075 3051 1128 3094 acis
1146 3062 1234 3108 netnpe

112 3114 331 3175 [Valerinsb'lace.
351 3118 380 3170 8,
402 3115 444 3161 18.
469 3132 542 3162 servu
565 3116 630 3162 tanc
652 3116 780 3180 profugae
800 3121 874 3176 prior
897 3120 951 3176 ipse
969 3119 1063 3164 dedisti
1079 3133 1153 3179 quum
1171 3122 1234 3174 (scie

114 3187 212 3242 nempe)
218 3185 309 3248 fldem]
323 3189 516 3242 interponuntur.
554 3186 613 3235 111.
627 3188 699 3233 Nunc
712 3192 762 3233 inni
776 3189 913 3247 Gnarinns3
929 3190 1000 3243 Cod.,
1016 3191 1140 3234 Minturno
1154 3195 1231 3236 teste:

114 3259 176 3314 qnod
196 3271 267 3310 saepe
286 3264 424 3312 corruptum
442 3258 488 3300 fnit
505 3273 528 3301 v.
549 3259 653 3304 ttuseht.
668 3261 697 3302 ad
711 3257 809 3313 '1'tb.2‚
826 3256 855 3312 3,
872 3258 896 3304 3.
917 3285 949 3294 -
975 3259 1039 3304 Tum
1057 3262 1108 3304 inm
1127 3261 1172 3305 Ed.
1194 3275 1231 3315 pr.

114 3328 293 3370 Atdd.Lachm.
314 3351 346 3360 -
366 3327 419 3370 lam
438 3329 488 3370 inm
509 3331 635 3386 pleraeque
654 3335 757 3374 recentt.
809 3328 867 3373 tlt.
887 3329 930 3389 qui
947 3331 1001 3373 ΑΜ.
1054 3327 1111 3376 151.
1131 3344 1234 3390 germa-

114 3411 173 3441 nuni
185 3399 357 3441 Minotaurum.
397 3393 645 3446 152.2deeseehtdd.
686 3398 743 3445 157.
759 3414 844 3456 rapax
858 3400 933 3442 Codd.
949 3401 1027 3443 Statii.
1040 3399 1144 3444 Lehner.
1156 3402 1230 3445 Voss.

115 3492 147 3502 -
167 3466 257 3526 Scylla
276 3481 361 3524 rapax
380 3469 448 3524 Virg.
471 3469 494 3512 in
514 3470 595 3513 Colice
613 3482 635 3513 v.
657 3467 715 3514 330.
736 3495 769 3503 —-
788 3483 869 3513 vorax
889 3471 1044 3513 hiddDoer.
1092 3467 1150 3513 161,
1170 3469 1232 3514 Pur-

112 3552 238 3595 pureupue
253 3538 314 3581 (2111.
328 3537 482 3580 Lacbmanni.
522 3535 579 3584 165.
600 3539 713 3598 ingratis
732 3542 805 3584 wat.
846 3538 903 3584 172.
923 3553 968 3582 nec
987 3539 1032 3582 Ed.
1053 3554 1088 3594 pr.
1109 3539 1179 3583 Aldd.
1201 3564 1232 3574 -

114 3621 144 3651 ne
163 3608 239 3650 Codd.
260 3611 319 3651 Stat.
378 3605 434 3652 175.
465 3609 578 3668 religare
597 3610 748 3653 Forcellinus
766 3611 790 3653 h.
813 3613 829 3653 l.
852 3612 1020 3663 interpretatur
1047 3609 1151 3653 solvere.
1187 3610 1234 3653 sed

114 3681 197 3721 eodem
217 3685 301 3720 errore
322 3678 409 3720 Catulli
431 3676 476 3730 63,
493 3677 534 3724 81,
555 3680 695 3738 religatque
711 3681 772 3739 iugo
791 3694 883 3734 mairac,
904 3685 927 3724 et
945 3679 984 3722 ubi
998 3679 1147 3722 manifestius
1161 3679 1234 3724 etiam
1259 3709 1261 3713 -

115 3750 184 3792 solita
204 3746 347 3805 significatio
367 3749 472 3801 obtinet,
492 3749 582 3794 Lucan.
597 3748 626 3803 7,
642 3747 700 3794 860.
721 3750 813 3795 Nullus
832 3750 862 3792 ub
881 3747 997 3793 Ernntht‘o
1010 3751 1148 3810 religasset
1159 3750 1233 3793 litore

107 3815 199 3875 sunem
218 3819 317 3869 navita,
345 3819 389 3861 huc
410 3819 489 3860 traxit.
522 3819 597 3863 Nemo
624 3835 724 3875 unquam
744 3822 768 3864 h.
789 3821 805 3864 l.
826 3820 957 3873 haesisset,
987 3820 1007 3863 si
1033 3825 1146 3864 consueto
1165 3833 1233 3864 inore

115 3893 196 3931 noster
209 3889 288 3931 dicere
301 3889 425 3931 maluisset
438 3887 472 3931 cd
484 3885 597 3944 Cretum,
617 3905 633 3932 α
646 3887 733 3944 Creta,
753 3892 779 3934 in
792 3885 873 3933 Creta.
914 3887 972 3934 177.
993 3890 1126 3933 eonsilium
1137 3891 1233 3934 nostris

96 3959 255 4021 'quaesisset
273 3958 343 4001 Aldd.
370 3960 414 4002 Sed
429 3959 492 4002 Scal.
513 3961 575 4003 coni.
596 3975 679 4005 omnes
692 3964 843 4015 receperunt.
900 3956 958 4003 178.
978 3961 1090 4012 „Vetusta
1111 3962 1182 4004 editio
1204 3974 1234 4003 ne

114 4042 175 4088 quo,
198 4030 257 4072 unde
270 4031 447 4083 reponendum:
462 4043 528 4072 nune
540 4031 612 4088 quo.'’
631 4033 733 4088 Spengel
747 4033 775 4073 ad
789 4032 862 4071 vari.
876 4043 899 4083 p.
912 4025 971 4073 tlt.
991 4030 1089 4085 Recepit
1099 4031 1230 4074 Weberus.

117 4096 175 4142 179.
202 4099 286 4142 Nonne
305 4098 367 4143 inter
396 4101 441 4141 duo
469 4100 569 4142 consilia
591 4100 707 4145 ¹fluctuari
737 4099 838 4144 debebat
860 4099 980 4142 Ariadne:
1009 4101 1143 4144 Atticarnne
1169 4106 1235 4155 pete·

114 4174 166 4215 ret.
186 4184 215 4212 an
236 4169 336 4223 patriam
344 4168 355 4212 ¹?
384 4169 434 4212 Hoc
447 4173 525 4213 autem
538 4170 614 4224 ipsum
631 4170 863 4225 repraesentavimus
882 4170 910 4213 de
924 4169 986 4211 coni.
1002 4170 1116 4216 edentes:
1136 4169 1235 4214 Icario-

113 4253 158 4284 εηε
171 4238 281 4296 (Icarius
294 4239 387 4283 Atticae
397 4252 465 4282 mons
476 4240 541 4283 Ptin.
551 4237 581 4294 1,
596 4238 648 4294 11.)
662 4241 722 4286 Cdd.
738 4239 901 4284 ldmonsosne
920 4239 957 4282 vel
969 4237 1144 4295 ldmoneosne,
1172 4241 1234 4284 uude

114 4311 179 4356 Stat.
193 4307 319 4364 Isthmon,
339 4322 424 4354 eosne.
444 4329 477 4342 -
496 4307 578 4367 (Hauc
591 4324 668 4358 meam
680 4312 760 4367 corb,
790 4323 860 4370 qnam
879 4311 996 4354 incertam
1015 4323 1068 4355 esse
1089 4323 1136 4354 non
1155 4321 1231 4370 nego,
1283 4337 1285 4340 -
