2782 4762
127 219 168 283 ts

125 380 197 443 Nec
217 377 313 442 facile
335 377 368 440 in
390 398 485 441 venas
508 375 597 440 cibus
622 374 725 440 omnis
747 374 865 440 diditur
885 376 936 440 ei:

126 484 198 545 Neo
220 480 295 544 satis
317 491 383 556 est,
403 502 465 562 pro
491 501 585 565 quam
601 478 713 563 largos
732 490 895 544 exaestuat
917 489 1034 556 aestus,
1118 557 1123 566 s

127 587 219 650 Unde
241 594 357 668 queant
374 593 493 646 tantum
514 581 657 646 suboriri
679 604 717 645 ae
737 581 959 665 suppeditare,

128 687 302 769 [Quantum
325 707 406 768 opus
427 696 474 749 est
496 696 527 748 et
546 687 634 771 qnod
654 684 730 748 satis
750 696 813 761 est,
836 696 947 748 natura
968 685 1119 762 novare]

126 790 201 853 Iure
222 788 322 873 igitur
342 799 489 872 pereunt,
513 809 611 872 quom
628 787 786 850 rarefacta
808 787 937 850 fluundo
1156 789 1239 849 tito

127 895 207 955 Sunt
228 904 259 955 et
281 913 378 976 quom
400 889 542 954 externis
565 892 772 953 succumbunt
793 889 897 953 omnia
915 888 1040 973 plagis:

128 993 393 1079 Quandoquidem
419 991 532 1077 grandi
555 991 644 1055 cibus
668 1013 748 1056 aevo
768 991 904 1075 denique
924 992 1017 1065 defit3

128 1098 198 1160 Nee
217 1094 390 1159 tuditantia
404 1117 471 1159 rem
494 1106 616 1158 cessant
637 1093 835 1158 extrinsecus
852 1093 947 1156 ullam

131 1197 285 1281 Corpora
308 1199 468 1262 conticere
485 1209 516 1261 et
537 1196 641 1282 plagis
660 1196 775 1260 infesta
793 1199 935 1260 domare.

130 1301 185 1364 Sic
204 1301 305 1384 igitur
329 1299 434 1384 magni
457 1322 586 1384 quoque
606 1298 727 1363 circum
748 1299 872 1365 moenia
896 1300 1001 1363 mundi
1159 1303 1239 1364 1115

129 1406 322 1488 Expugnata
343 1405 461 1465 dabunt
479 1402 582 1465 labem
604 1403 788 1489 putreisque
809 1403 927 1466 ruinas.

133 1504 250 1571 Omnia
271 1508 365 1568 debet
389 1504 471 1568 enim
494 1503 583 1567 cibus
603 1504 765 1589 integrare
784 1508 933 1569 novando

130 1611 174 1672 Et
195 1607 308 1671 fulcire
331 1606 438 1683 cibus,
462 1605 553 1670 cibus
576 1607 682 1672 omnia
701 1619 888 1672 sustentare.

129 1709 371 1796 Nequidquam
394 1708 548 1795 quoniam
565 1731 624 1772 nec
648 1730 744 1773 venae
766 1710 987 1793 perpetiuntur

131 1815 227 1894 Quod
239 1813 314 1876 satis
326 1823 374 1874 est
384 1833 496 1896 neque,
513 1823 663 1897 quantum
679 1806 759 1894 opus
774 1824 837 1889 est,
853 1824 964 1875 natura
978 1812 1145 1878 ministrat.
1162 1817 1244 1878 1150

193 1918 324 2001 Iamque
344 1918 423 1978 adeo
444 1915 579 1978 fractast
598 1926 684 1978 aetas
705 1917 860 2000 effetaque
882 1915 975 1979 tellus

130 2015 201 2082 Vix
222 2011 365 2082 animalia
385 2029 607 2100 perterreat,
631 2040 712 2102 quae
733 2028 846 2080 cuneta
870 2019 991 2082 creavit

185 2143 261 2191 1137.
281 2145 348 2199 „Nee
367 2147 425 2189 satis
444 2151 479 2190 est
498 2145 655 2200 supplementi
674 2158 718 2199 pro
730 2144 835 2189 aestibus
848 2145 898 2198 iis,
918 2159 988 2203 quam
1006 2147 1068 2203 (ie.
1083 2147 1245 2206 inquantum)

132 2221 255 2260 exaestuat
272 2217 352 2274 largos
371 2215 478 2260 aestus.”
497 2216 570 2258 Wat.
590 2236 623 2247 -
641 2219 726 2258 aestus
745 2219 823 2258 autern
841 2220 896 2258 sunt
913 2216 1002 2259 calidae
1021 2222 1044 2262 et
1062 2218 1171 2263 humidae
1191 2233 1244 2274 par·

131 2287 232 2339 ticulae,
261 2299 320 2343 quas
345 2286 450 2330 sudando
478 2289 501 2329 et
524 2284 654 2329 exhalando
683 2296 785 2338 corpora
809 2284 964 2328 animantium
987 2287 1098 2330 contiuuo
1123 2289 1244 2333 omittunt.

130 2355 205 2400 l'orb.
245 2351 321 2398 1138.
341 2359 432 2412 queant
448 2354 501 2398 scil.
521 2367 633 2408 corpora.
662 2353 702 2398 Sic
718 2354 789 2397 etiam
805 2353 834 2397 C.
851 2353 881 2398 Ε.
901 2374 935 2386 -
954 2361 1027 2413 pruses
1041 2357 1070 2400 A.
1086 2356 1114 2400 L.
1129 2358 1160 2401 ll.
1185 2360 1246 2402 Post

128 2439 155 2482 r.
174 2421 249 2468 1111.
268 2424 355 2481 aliquis
383 2428 527 2480 apposuerat
552 2424 638 2467 lemma
664 2420 730 2467 taut
753 2420 873 2468 SENEM
893 2421 1044 2469 MUNDUM
1064 2424 1112 2470 ET
1136 2425 1245 2473 OMNIA

131 2491 268 2540 rusleta
284 2489 393 2548 Nasct,
426 2499 451 2537 ut
474 2498 510 2537 est
534 2493 557 2537 in
575 2493 619 2537 Gd.
636 2492 666 2536 Ε.
696 2493 756 2536 Hine
774 2494 841 2537 inulti
861 2507 958 2539 versum
976 2497 1131 2550 extuderunt,
1161 2497 1181 2541 si
1199 2499 1245 2541 diis

132 2566 222 2621 placet,
241 2563 427 2620 Lucretianum3
455 2563 541 2621 Margo
557 2563 610 2606 scil.
627 2561 657 2606 E.
674 2561 818 2621 pasillaque
836 2563 920 2606 ornain
926 2577 937 2618 ;
956 2566 1047 2609 doctius
1069 2565 1098 2611 C.
1117 2578 1170 2610 euru
1191 2569 1245 2610 aliis

132 2638 193 2690 apud
211 2635 301 2679 wau:
332 2633 433 2691 lamque
457 2645 541 2676 senem
565 2631 684 2676 anundum
708 2637 731 2675 st
744 2632 867 2691 pusillior
885 2635 969 2679 omnia
987 2634 1079 2678 nasei:
1109 2637 1247 2682 debuissent

132 2709 211 2748 tamen
229 2704 352 2749 seribere:
382 2708 454 2761 alque
472 2701 603 2760 pusillitas.
661 2698 737 2747 1133.
757 2702 824 2746 Hune
842 2716 938 2748 versum
957 2704 1032 2748 Codd.
1053 2706 1144 2762 aliquot
1161 2704 1246 2764 (etiam

133 2774 162 2818 C.
175 2773 217 2827 Ε.)
236 2779 259 2818 et
275 2773 336 2821 Edd.
352 2777 409 2817 vett.
426 2772 551 2827 omittunt;
571 2771 679 2826 spurium
697 2771 800 2816 indicant
811 2771 896 2819 Lamb.
909 2773 987 2817 Bentl.
1012 2774 1091 2818 Eierit
1102 2776 1145 2819 W.
1175 2776 1246 2819 Com-

134 2848 202 2899 paret
219 2844 322 2898 primum
336 2857 373 2898 up.
389 2842 478 2886 Arane.
494 2843 542 2887 ita:
561 2840 627 2899 quod
643 2842 707 2885 satis
726 2846 765 2885 est
782 2847 806 2885 et
822 2847 940 2900 quantum
958 2857 1020 2900 opus
1038 2850 1076 2888 est
1093 2851 1185 2889 natura
1204 2859 1246 2889 uo-

132 2927 200 2957 aare.
221 2914 254 2957 sic
267 2913 338 2957 etiam
354 2913 384 2956 P.
395 2914 427 2957 Ἀ.
482 2907 559 2958 1151.
579 2911 632 2965 Sir,
652 2912 706 2956 scil.
717 2907 810 2970 fracto
828 2937 837 2946 -
857 2937 865 2946 ·
884 2909 1004 2972 effetaque
1022 2914 1103 2958 Codex
1121 2916 1245 2969 Memmii,

133 2983 194 3027 Edd.
212 2982 440 3040 velt.W.Forbig.
459 2975 614 3042 (quitum,
634 2979 714 3034 utlit,
740 2984 819 3034 errat,
847 2983 972 3038 quodait,
1001 2984 1073 3029 Walt.
1090 2984 1125 3027 sir
1144 2985 1246 3029 edidisse

134 3067 207 3108 „euin
222 3053 331 3107 plurimis
349 3053 491 3108 optimisque
508 3051 612 3106 tibris'’‚
632 3064 703 3109 quam
716 3050 736 3094 is
748 3050 875 3094 manifesto
888 3052 964 3106 dieat,
979 3049 1246 3102 cua.0.A.H.>2..tt.

134 3118 251 3183 (adiungo
266 3135 333 3166 tiseos
350 3120 379 3165 C.
392 3121 435 3174 Ε.)
454 3120 542 3164 habere
553 3116 638 3177 sarto.
660 3120 727 3165 -C.
742 3135 755 3163 a
767 3135 805 3176 pr.
820 3135 852 3164 m.
869 3118 1005 3181 affictoque
1018 3137 1031 3165 a
1044 3137 1093 3167 see.
1117 3120 1245 3184 effetaque.

135 3191 295 3250 (Margoli..
290 3203 295 3213 ·
316 3187 444 3251 effresia.)
480 3190 507 3233 lu
530 3189 567 3232 bis
593 3194 671 3234 autem
693 3190 785 3234 dnobus
802 3191 920 3235 similibus
935 3192 1014 3236 verbis
1032 3193 1064 3236 ita
1082 3195 1205 3238 variarunt
1220 3208 1247 3237 ae

135 3264 244 3307 luserunt
259 3266 283 3305 et
301 3260 395 3304 librarii
413 3264 437 3305 et
453 3259 544 3312 critici,
576 3264 602 3303 ut
619 3260 660 3303 alii
679 3257 735 3314 (A.)
751 3261 862 3305 ederent.
894 3258 967 3322 effeta
984 3266 1022 3306 est
1040 3268 1110 3306 astos
1128 3260 1248 3324 sffistaqus

134 3332 224 3390 tellus,
255 3331 295 3374 alii
325 3327 407 3387 (liar.)
434 3326 534 3408 afficta
553 3333 591 3372 est
618 3334 690 3373 aetas
719 3325 838 3388 effetaque
863 3331 947 3376 tellus.
1002 3329 1078 3377 1155.
1097 3331 1249 3391 significatur·

134 3366 378 3455 h.t.1iiad.8,1l.
406 3395 488 3454 εἶδ’,
510 3388 580 3478 ἄγε.
607 3392 802 3480 πειρήσασθε,
830 3395 910 3461 beot,
939 3394 988 3449 iva
1010 3395 1098 3450 εἴδετε
1124 3397 1246 3464 πάντες·

135 3465 238 3550 σειρὴν
264 3468 405 3539 χρυσείην
428 3461 460 3529 ἐξ
482 3461 648 3536 οὐρανόθεν
671 3462 871 3538 κρεμάσαντες
887 3483 914 3518 κ.
931 3482 957 3519 τ.
976 3467 1000 3519 λ.
1025 3471 1048 3515 ιιι
1067 3485 1137 3528 quem
1156 3474 1248 3528 simpli·

136 3541 258 3586 cissimum
282 3541 362 3584 locum
385 3539 472 3583 veteris
489 3541 574 3594 po'e'tae
593 3539 731 3585 incredibile
751 3543 801 3591 est,
829 3543 888 3596 quot
910 3544 933 3584 et
955 3542 1087 3586 cuiusmodi
1104 3541 1250 3600 insipientis

136 3610 277 3668 sapientias
304 3609 395 3653 somnia
425 3608 549 3653 intulerint
581 3613 630 3653 tum
658 3609 753 3664 Stoici,
785 3613 868 3652 souma
896 3622 957 3666 quos
981 3610 1076 3668 oblique
1101 3605 1138 3655 bie
1160 3618 1251 3671 pugnat

136 3681 277 3733 Lueretius,
306 3683 356 3723 tum
388 3679 530 3733 praesertim
556 3676 721 3734 Neoplatoniei
751 3678 813 3728 (eir.
844 3678 951 3724 Greuzer
981 3680 1104 3733 Symbolila
1132 3681 1198 3730 Edit.
1222 3680 1247 3727 2.

136 3753 167 3795 Τ.
187 3749 211 3794 1.
229 3765 254 3807 p.
272 3747 327 3802 97.)
357 3749 402 3792 Sed
422 3749 459 3792 his
476 3748 564 3792 similia
582 3762 609 3792 ac
628 3750 694 3804 paria
707 3748 812 3806 quotidie
824 3749 846 3792 in
860 3749 978 3793 similibus
992 3751 1141 3806 experimur,
1163 3751 1249 3808 quibus

136 3821 186 3865 veri
200 3821 315 3878 philologi
325 3824 421 3862 strenue
433 3823 457 3862 ut
466 3818 560 3862 obviam
570 3823 638 3873 eant,
650 3832 744 3875 semper
755 3820 881 3874 optandum
894 3824 938 3864 est.
984 3816 1059 3864 1156.
1073 3822 1143 3875 (use,
1154 3821 1250 3884 fluctus

131 3890 296 3949 plangentia,
321 3901 389 3934 saxo
406 3889 448 3932 W.
478 3889 523 3932 Sed
543 3890 660 3945 quomodo
680 3905 693 3932 a
714 3888 778 3932 saxis
795 3890 937 3947 plangantur
957 3887 1074 3944 fluetusl)
1129 3888 1205 3939 1160.
1227 3897 1251 3935 et

134 3959 229 4018 pabula
240 3960 271 4004 Ε.
285 3960 374 4017 Vulgo.
415 3954 490 4003 1163.
509 3957 576 4002 seris
593 3958 639 4003 Au.
653 3964 680 4002 ut
690 3960 784 4003 videtur
795 3961 858 4004 coni.
873 3959 903 4004 Ρ.
915 3959 944 4004 ll.
954 3959 996 4001 W.
1016 3983 1049 3992 -
1059 3956 1131 4017 seris
1139 3957 1175 4008 H.
1185 3961 1249 4006 Edd.

136 4030 204 4074 Bria.
216 4032 274 4075 Ver.
292 4052 325 4064 -
335 4026 436 4087 ferrint
447 4030 509 4072 Ven.
523 4051 556 4061 -
567 4023 672 4086 serrum
683 4029 760 4073 Codd.
772 4026 849 4086 (certe
858 4029 901 4082 Ε.)
912 4029 941 4076 Α.
951 4028 981 4072 L.
993 4029 1023 4072 il.
1063 4026 1138 4075 1163.
1159 4043 1248 4090 suppe.

116 4152 120 4161 .
137 4100 211 4145 ditati
230 4097 364 4158 signitiratu
385 4098 463 4142 activo
480 4111 524 4153 pro
541 4129 552 4150 ‚,
560 4099 734 4153 suppeditantes
742 4096 765 4143 '’.
802 4099 894 4143 Verum
909 4103 934 4143 et
950 4098 974 4142 h.
992 4100 1009 4142 l.
1027 4103 1051 4142 et
1068 4101 1128 4154 apud
1148 4099 1200 4145 Cic.
1221 4103 1250 4145 ad

137 4170 209 4214 Attio.
224 4167 254 4213 11
263 4201 270 4224 ,
290 4165 331 4213 18.
354 4169 452 4212 verbum
469 4168 610 4226 suppetior,
639 4170 701 4226 qnod
716 4168 861 4225 Appuleius,
882 4173 992 4213 strennus
1019 4168 1102 4211 talium
1125 4175 1249 4224 captator,

138 4241 195 4285 satis
230 4237 309 4283 firmat
323 4268 331 4293 ,
366 4238 556 4283 substituendum
597 4239 689 4282 videtur
731 4239 836 4283 inaudito
872 4251 895 4282 s.
931 4239 1056 4293 deponenti
1092 4237 1249 4297 sappeditor.

141 4304 215 4354 1161.
235 4313 329 4369 augent
346 4307 511 4362 inbaasitive,
530 4339 543 4364 „
550 4306 693 4368 augescunt,
713 4309 892 4368 grandescunW
900 4338 908 4362 ,
927 4308 995 4354 euius
1008 4321 1064 4354 usus
1076 4311 1184 4365 exempla
1197 4314 1253 4354 sunt
