2782 4762
91 345 202 429 Quam
220 341 377 410 muliebre
396 363 516 429 gennas
538 362 611 407 nam
634 339 733 427 longe
753 337 949 426 praestatio
970 348 1039 405 arte

93 451 139 514 Et
159 447 323 515 sollertius
338 457 387 512 cst
408 445 509 511 multo
531 467 632 531 genua
653 465 748 511 omne
771 443 885 508 virile:

93 548 277 636 Agricolae
297 552 402 615 donec
423 547 506 614 vitio
529 559 662 613 vortere
683 549 826 624 aeverei,

92 656 141 720 Ut
162 651 374 717 muliebribus
396 651 430 716 id
453 649 597 716 manibus
621 652 800 715 concedere
822 649 942 714 vellent

93 757 206 842 Atque
227 753 310 838 ipsei
332 753 456 839 pariter
478 756 591 818 durum
613 755 749 818 sufferre
770 754 932 829 laborem,

94 861 207 946 Atque
226 879 327 942 opere
347 857 481 922 induro
505 860 658 920 durarent
679 858 821 921 membra
840 875 1025 941 manusque.

147 965 207 1027 «At
227 958 389 1045 specimen
411 957 545 1025 sationis
566 970 598 1023 et
616 957 778 1024 insitionis
802 957 900 1043 origo

93 1065 173 1148 Ipsa
194 1063 256 1128 trit
279 1084 388 1127 rerum
410 1061 547 1146 primum
571 1063 695 1125 Natura
718 1060 878 1125 creatrixz

94 1163 286 1232 Arboribus
308 1164 459 1250 quoniam
480 1166 580 1228 bacae
601 1163 796 1250 glandesque
817 1167 955 1228 caducae

96 1271 305 1355 Tempestivus
325 1273 443 1334 dabant
465 1265 627 1353 pullorum
653 1268 798 1331 examina
817 1269 944 1343 subter,

96 1376 191 1439 Unde
212 1372 306 1438 etiam
328 1372 484 1437 libitumst
507 1369 637 1453 stirpeis
658 1371 857 1435 committere
878 1367 976 1432 ramis

95 1478 142 1540 Et
163 1497 250 1540 nova
273 1475 427 1539 defodere
449 1474 626 1538 interram
648 1473 790 1558 virgulta
810 1494 870 1555 per
892 1493 1005 1556 agros.

160 1579 240 1642 Inde
263 1576 357 1641 aliam
381 1588 476 1662 atque
499 1575 593 1639 aliam
613 1577 769 1640 culturam
793 1575 895 1639 dulcis
917 1571 1014 1658 agelli

96 1682 298 1756 Tentabaut3
320 1679 510 1765 fructusque
532 1678 623 1743 feros
643 1700 865 1743 mansuescere
885 1689 973 1741 terra

97 1782 284 1848 Cernebant
304 1780 502 1865 indulgendo
524 1781 705 1866 blandeque
724 1781 879 1846 colundo.

95 1886 201 1970 Inque
220 1883 288 1948 dies
309 1883 410 1968 iungis
429 1883 463 1947 in
486 1895 625 1948 montem
644 1885 815 1947 succedere
835 1883 933 1946 silvas

98 1987 273 2073 Cogebant
294 1985 443 2072 infraque
463 1987 571 2051 locum
596 1987 775 2051 concedere
798 1983 914 2048 cultis:

97 2092 214 2166 Prata,
237 2089 345 2164 lacus,
367 2087 477 2164 rivos,
500 2099 626 2172 segetes
648 2087 818 2173 vinetaque
839 2087 921 2151 laeta

97 2191 250 2258 Collibus
273 2202 305 2254 et
327 2190 449 2273 campis
471 2202 506 2253 ut
525 2192 681 2254 haberent
702 2203 797 2276 atque
822 2191 965 2256 olearum

97 2293 239 2360 Caerula
261 2292 463 2378 distinguens
477 2293 561 2356 inter
582 2293 677 2376 plaga
700 2315 833 2356 currere
855 2303 965 2375 posset

96 2399 166 2463 Per
186 2395 327 2461 tumulos
348 2407 380 2459 et
401 2395 577 2460 convalleis
601 2416 796 2480 camposque
817 2396 972 2478 profusa:

96 2500 145 2566 Ut
165 2519 250 2562 nunc
270 2519 338 2562 esse
361 2497 451 2562 vides
472 2497 565 2562 vario
588 2496 737 2560 distincta
759 2497 873 2580 lepore

100 2599 236 2677 Omnia,
259 2622 340 2685 quae
362 2599 468 2683 pomis
490 2598 635 2663 intersita
657 2597 804 2663 dulcibus
823 2610 938 2664 ornant

97 2701 317 2788 Arbustisque
337 2713 445 2766 tenent
462 2701 611 2766 felicibus
634 2700 740 2765 obsita
764 2701 898 2765 circum.

163 2807 211 2871 At
230 2803 370 2891 liquidas
391 2804 496 2869 avium
519 2825 618 2869 voces
639 2802 796 2867 imitarier
817 2825 875 2868 ore

99 2909 189 2976 Ante
208 2908 271 2974 fuit
291 2905 411 2985 multo,
433 2928 527 2992 quam
549 2905 634 2970 levia
656 2905 796 2971 carmina
819 2917 912 2969 cautu

98 3168 213 3215 Latinum
242 3181 291 3213 non
318 3181 371 3213 esse
403 3169 529 3213 contendo.
586 3163 662 3215 135⁰.
688 3173 817 3228 parentur
842 3167 871 3212 C.
902 3164 965 3220 (uon
986 3165 1027 3221 E.)
1047 3165 1117 3212 Brix.
1136 3165 1166 3211 L.
1188 3166 1219 3211 Η.

101 3235 181 3287 1352.
200 3251 224 3283 r.
238 3238 350 3283 Schneid.
364 3238 417 3283 tud.
434 3240 531 3294 srripu.
548 3237 578 3284 n.
589 3237 619 3283 n.
629 3252 655 3295 p.
667 3235 714 3284 371
728 3236 820 3284 ctttt.
840 3237 931 3283 insitio
948 3231 1087 3297 κανόνες,
1103 3229 1221 3298 ἀντίον,

99 3309 247 3354 liciatorium
266 3309 398 3366 vulgatae,
425 3309 516 3367 lignum
533 3309 557 3352 in
576 3321 622 3365 quo
641 3309 722 3353 licium
739 3305 887 3363 (Geacbirr)
905 3307 1036 3351 invotvitnr
1053 3307 1077 3350 in
1096 3308 1145 3350 tela
1162 3320 1221 3362 pen-

100 3381 159 3423 duta
177 3392 198 3423 s.
218 3379 310 3436 iugali,
339 3376 475 3422 insubulum
500 3380 524 3423 in
548 3379 597 3422 tela
614 3379 684 3433 plana
702 3391 742 3433 ap.
765 3376 886 3422 Isidorum
906 3375 952 3431 19,
973 3374 1015 3423 29.
1035 3377 1128 3420 arundo
1149 3375 1221 3420 Ouid.

100 3449 163 3494 Met.
174 3445 202 3502 6,
218 3446 260 3498 54.
280 3445 427 3492 radiarint.
436 3449 523 3507 apoto,
540 3445 778 3508 Webersclriffelen.
793 3471 826 3481 -
839 3447 919 3503 scapi,
932 3446 993 3490 unde
1003 3450 1113 3489 nostrum
1122 3441 1221 3506 Sebusl,

99 3519 166 3563 idern
179 3517 229 3563 iste
248 3520 311 3577 quod
329 3518 390 3572 apud
408 3518 470 3563 alios
484 3523 588 3576 pecten,
611 3515 785 3570 Weberlode.,
806 3529 828 3561 s.
847 3517 925 3572 potius
945 3529 973 3559 ea
991 3516 1042 3559 eius
1060 3527 1131 3570 pars,
1152 3526 1223 3571 quam

101 3592 189 3633 vocant
203 3586 366 3632 Weber-blau.
405 3584 480 3632 1358.
501 3588 553 3645 ipat
567 3587 652 3643 potina
670 3587 700 3631 L.
714 3587 744 3630 u.
764 3585 881 3641 Explica:
902 3584 1048 3643 „Agricolae
1066 3583 1144 3627 severi
1163 3583 1222 3626 vitio

100 3662 241 3714 verterunt,
261 3658 439 3712 exprobrarunt
456 3657 479 3701 id
498 3658 586 3702 ceteris
604 3657 681 3710 viris,
707 3656 747 3713 qui
766 3653 869 3700 lanificio
888 3655 1017 3699 etiamtunc
1035 3652 1119 3707 intenti
1138 3656 1222 3709 erant3

100 3740 147 3773 nac
164 3727 216 3772 sine
234 3723 379 3772 conturnetil
398 3740 440 3771 eos
458 3726 629 3781 hortabantur,
650 3724 779 3771 lanificium
796 3724 941 3769 mutieribus
960 3728 986 3767 ut
1004 3723 1153 3768 committere
1172 3722 1223 3766 vel·

101 3799 153 3842 lant
170 3798 264 3855 ipsique
284 3797 374 3853 pariter
393 3795 528 3855 (peraeque
546 3801 616 3854 atque
634 3796 684 3850 illi,
705 3797 744 3853 qui
762 3796 900 3840 iamdudum
912 3806 971 3852 agro
984 3791 1085 3836 colendo
1098 3791 1223 3846 vacabant)

102 3869 190 3911 durum
207 3867 253 3911 boc
271 3867 387 3911 rusticum
405 3880 466 3922 opus
484 3867 623 3923 suscipere;
644 3871 716 3926 utque
735 3866 778 3922 (an
796 3868 831 3909 sie
850 3865 897 3922 leg.
917 3876 962 3918 pro
980 3863 1058 3906 attero
1078 3860 1182 3920 etquail
1199 3861 1223 3905 iu

101 3949 177 3993 opere
202 3938 263 3981 duro
290 3938 405 3980 durarent
427 3935 562 3981 rnernbra.¹'
617 3932 694 3980 1363·
715 3935 844 3993 pullorum
862 3929 995 3990 examino]
1014 3931 1133 3976 Audacius
1151 3933 1224 3979 etiam

100 4006 189 4062 Eurip.
205 4006 292 4054 bacch.
309 4003 367 4052 7⁰9.
387 4000 536 4070 γάλακτος
552 3999 666 4068 ἑσμούς
683 4005 756 4058 dixit,
785 4005 825 4048 ubi
843 4003 895 4046 vide
914 4001 1031 4055 Elmsley.
1088 3997 1164 4047 1370.
1184 4001 1224 4045 in-

94 4072 194 4137 fraque
211 4089 286 4122 auum
303 4078 363 4120 Ver.
379 4077 441 4123 Ven.
457 4076 528 4122 binc:
549 4074 568 4121 ι’.
587 4074 727 4135 σι’ἱιινιιΑῖ.
739 4074 787 4128 Ρ.,
806 4073 869 4131 quod
883 4070 975 4126 recepit
986 4068 1030 4120 W.
1047 4071 1225 4116 Auctoritatem

103 4147 198 4204 Codri„
223 4147 296 4192 etiam
317 4146 346 4190 C.
366 4145 527 4195 E.Bri1.b.
546 4142 659 4203 ll.sequi
673 4142 802 4189 maluimus
824 4155 894 4201 quam
914 4142 1011 4186 Avancii
1036 4144 1223 4187 correctionem.

105 4213 184 4263 1377.
202 4215 447 4272 miserrumum.
462 4212 624 4263 tranunt.
642 4210 695 4265 ml
711 4211 779 4285 περὶ
793 4207 830 4265 τὸ
847 4209 957 4284 χωρίον
975 4203 1055 4262 ἅπαν
1072 4204 1099 4276 γ’
1117 4206 1225 4279 ἐλᾷδας

102 4281 213 4356 κύκλῳ.
