2782 4762
94 302 172 365 Non
193 298 275 363 radii
297 298 375 364 solis
396 319 499 384 neque
521 296 627 361 lucida
648 295 711 361 tela
731 297 793 362 diei

93 402 293 477 Discutiunt,
315 405 372 466 sed
388 412 520 464 naturae
538 399 664 483 species
685 399 852 486 ratioque:

94 505 219 587 Quoius
240 503 435 589 principium
456 503 533 567 hine
553 502 648 568 nohis
668 503 804 569 exordia
825 515 939 578 sumet,
1152 503 1212 566 150

93 608 222 672 Nullam
242 629 309 670 rem
331 628 349 669 e
371 604 473 670 nihilo
497 605 588 689 gigni
611 606 763 668 divinitus
784 626 934 690 unquam.

447 777 525 838 Lm.
550 776 581 838 1.
605 796 639 837 v.
665 773 858 856 rou-mo.

95 901 320 982 Quapropter,
345 895 419 984 quei
440 895 602 960 materiem
622 917 729 959 rerum
752 917 820 959 esse
839 906 992 978 putarunt

93 1004 207 1087 Ignem
226 1013 321 1087 atque
341 1022 382 1064 ex
402 999 471 1084 igni
492 1021 643 1063 summam
664 994 842 1063 consistere
863 1021 977 1082 posse;

24 1145 31 1151 -
94 1108 138 1170 Et
155 1104 230 1191 quei
249 1101 443 1187 principium
466 1101 639 1188 gignundis
660 1104 853 1165 ae'ra‘rehus

95 1207 318 1282 Constituere3
342 1217 395 1269 aut
415 1209 583 1271 humorem
606 1206 843 1291 queiquomque
861 1217 1017 1290 putarunt

94 1312 238 1396 Fingere
260 1333 311 1374 res
333 1309 435 1392 ipsum
460 1330 519 1392 per
541 1330 591 1383 se3
613 1320 775 1373 terramve
793 1331 904 1372 creare
1153 1311 1214 1370 710

94 1413 211 1481 Omnia
230 1424 262 1477 et
281 1412 314 1475 in
335 1436 444 1477 rerum
466 1423 596 1476 naturas
618 1410 743 1475 vortier
763 1411 903 1476 omneis:

95 1520 224 1602 Magno
248 1538 382 1599 operea
406 1536 486 1580 vero
504 1515 603 1599 longe
627 1515 772 1578 ddrrasse
796 1514 956 1579 videntur.

94 1621 190 1685 Adde
212 1619 326 1696 etiam,
354 1618 429 1704 quei
451 1617 678 1700 conduplicant
699 1616 878 1699 primordia
896 1640 1020 1696 rerum,

92 1729 185 1789 Aiira
206 1722 371 1808 iungentes
392 1721 461 1806 igni
482 1733 665 1806 terramque
685 1719 827 1806 liquori;

94 1831 138 1891 Et
157 1824 231 1911 quei
252 1836 405 1910 quattuor
427 1845 467 1887 ex
489 1826 586 1887 rebus
608 1845 703 1906 posse
728 1823 834 1887 omnia
854 1836 984 1901 rentur,
1151 1827 1210 1888 710

94 1932 149 1994 Ex
168 1927 253 2013 igni,
276 1939 362 1990 terra
386 1938 480 2011 atque
502 1926 605 1989 anima
623 1947 835 2008 procrescere
857 1938 888 1991 et
909 1927 1018 1990 imbri.

95 2034 242 2113 Quorum
260 2028 505 2114 Agragantinus
525 2036 599 2093 cum'
619 2027 732 2112 primis
752 2030 968 2112 Empedocles
990 2042 1053 2107 est,

94 2135 203 2200 lusula
224 2154 317 2220 quem
338 2131 507 2217 triquetris
527 2143 684 2195 terrarum
708 2132 807 2216 gessit
827 2132 860 2196 in
881 2133 970 2208 oris;

97 2239 199 2319 Quam
220 2236 347 2299 fluitans
367 2234 488 2298 circum
511 2234 634 2317 maguis
656 2235 864 2300 amfractibus
886 2259 1009 2322 aequor

95 2340 223 2405 Ionium
247 2338 370 2424 glaucis
391 2337 535 2422 aspergit
555 2337 644 2401 virus
666 2341 706 2400 ah
729 2337 839 2415 undis,
1151 2343 1213 2405 720

96 2430 310 2528 Angustoque
333 2442 419 2505 fretu
440 2440 590 2524 rapidum
612 2463 698 2505 mare
722 2441 836 2506 dividit
859 2443 949 2507 undis

95 2699 155 2738 runt
171 2691 265 2737 Aureie
284 2697 308 2735 et
324 2691 484 2750 lepidoquae
506 2697 568 2735 euntv
578 2688 672 2750 fucata
689 2706 788 2737 sonore.
846 2691 904 2740 708.
936 2693 988 2738 Cic.
1007 2696 1031 2738 in
1049 2695 1150 2739 Lucullo
1170 2692 1211 2740 37.

95 2764 219 2820 Princeps
239 2759 333 2806 Thales
352 2787 362 2797 ·
380 2787 391 2798 ·
408 2775 441 2804 aa
460 2775 526 2819 aqua
544 2761 614 2806 dixit
629 2769 746 2806 constare
764 2764 864 2818 omnia,
896 2768 922 2807 at
940 2763 985 2808 hoc
1002 2764 1211 2819 Anaximandro,

91 2834 214 2892 populari
231 2838 256 2876 et
273 2831 355 2876 sodali
367 2844 422 2884 suo,
442 2845 491 2874 non
499 2833 633 2888 persuasit
637 2845 649 2886 ;
666 2833 690 2877 io
707 2834 774 2877 enirn
785 2832 936 2895 infinitatem
948 2839 1055 2877 naturae
1067 2834 1136 2878 dixit
1146 2849 1211 2890 esse,

96 2919 108 2947 e
127 2918 176 2963 qua
195 2902 280 2948 omnia
297 2902 475 2961 gignerentur.
512 2901 572 2945 Post
595 2903 651 2947 eiua
675 2902 776 2947 auditor
794 2903 967 2947 Anaximenes
991 2902 1117 2966 infinitum
1135 2905 1211 2958 aera,

96 2997 131 3008 -
148 2972 313 3030 Empedoclea
327 2969 389 3015 liaeo
403 2972 557 3031 pervulgata
572 2977 595 3015 et
612 2978 671 3015 notu
688 2978 813 3030 quattuor.
851 2975 885 3017 lta
898 2975 1009 3018 videlicet
1019 2974 1120 3030 Emped.
1134 2989 1157 3019 v.
1170 2973 1212 3020 26.

97 3045 179 3088 scurz.
193 3056 216 3097 p.
231 3039 291 3088 511.
329 3041 468 3109 Τέσσαρα
486 3041 544 3089 τῶν
562 3034 678 3090 πάντων
701 3034 854 3110 ῥιζώματα
872 3040 988 3111 πρῶτον
1006 3035 1112 3094 ἄκουε·
1140 3038 1215 3105 Ζεὺς

95 3107 204 3182 α’ργήζ,
233 3104 306 3182 Ἥρη
335 3123 367 3159 τε
395 3109 569 3180 φερέσβιος,
600 3104 644 3174 ἠδ’
669 3105 830 3175 Ἀϊδωνεύς,
859 3112 972 3176 Νῆστις
989 3111 1014 3162 h’
1033 3108 1054 3178 ἢ
1074 3109 1214 3183 δακρύοις

95 3196 193 3247 τεγγει
214 3177 377 3251 κρούνωμα
394 3180 542 3248 βρότειον.
563 3181 622 3235 (sive
637 3180 792 3250 βροτοῖσιν
810 3197 839 3228 ex
857 3185 946 3229 Struvii
964 3178 1044 3246 coni.)
1080 3183 1139 3230 710.
1158 3185 1214 3228 Ari-

97 3259 156 3298 stot.
168 3252 308 3306 Metaphys.
324 3251 333 3294 1
347 3283 353 3305 ,
369 3247 455 3297 3-7.
470 3266 493 3307 p.
509 3247 568 3297 190.
589 3250 693 3296 Casaub.
713 3253 765 3300 καί
781 3267 829 3302 τοι
848 3248 896 3301 διὰ
913 3253 942 3302 τί
959 3256 1022 3316 ποτ’
1039 3247 1077 3303 ου’
1095 3253 1146 3302 καὶ
1160 3249 1215 3316 τὴν

95 3320 152 3387 γῆν
169 3319 322 3385 λέγουσιν,
351 3313 448 3390 ὥσπερ
470 3321 501 3370 οἱ
520 3318 623 3369 πολλοὶ
640 3317 699 3370 τῶν
719 3316 901 3391 drepanum,-
931 3318 1027 3371 πάντα
1054 3317 1111 3392 γὰρ
1139 3318 1216 3372 εἶναι

96 3406 190 3454 φασιν
199 3386 255 3454 τὴν
264 3388 328 3455 γῆν.
340 3391 511 3447 Xenophanes,
523 3392 551 3434 de
562 3392 634 3434 rebus
645 3397 735 3436 tautum
743 3394 900 3438 terrestribus
907 3396 990 3448 procul
999 3393 1079 3447 dubio,
1092 3394 1212 3443 asseruit:

94 3460 129 3511 ἐκ
141 3460 228 3524 γαίης
240 3458 297 3530 γὰρ
306 3456 412 3520 πάντα,
426 3460 476 3509 καὶ
486 3457 516 3521 ἐς
524 3456 580 3524 γῆν
592 3456 688 3511 πάντα
696 3458 825 3530 τελευτᾷ.
839 3478 861 3508 v.
870 3465 936 3508 Sext.
944 3462 1014 3517 emp.
1023 3465 1076 3507 adv.
1085 3465 1161 3507 Marti.
1172 3458 1213 3515 10,

95 3533 118 3591 0,
134 3528 193 3578 315.
233 3528 292 3576 712.
306 3531 392 3591 longai
404 3529 603 3575 Codd.3.W.F.
616 3532 790 3577 -deerraese
803 3548 871 3577 unus.
892 3533 1077 3578 derraeaeduo.
1097 3533 1214 3592 longique

93 3602 216 3646 derrasse
229 3615 299 3645 unus.
314 3601 408 3658 Reliqui
421 3600 541 3659 (etiumG.
549 3601 580 3649 E.
592 3601 683 3648 etEdd.
692 3600 764 3658 vett.)
773 3624 807 3636 -
818 3605 939 3664 longeque
950 3617 1052 3648 errasse
1062 3605 1092 3647 H.
1101 3605 1147 3647 Sed
1155 3604 1214 3646 scri-

95 3672 200 3716 bendum
224 3685 278 3715 curn
300 3671 367 3716 Gott.
392 3673 468 3731 longe
491 3671 620 3716 derrasse.
653 3674 720 3718 Idem
739 3673 811 3717 habet
828 3672 926 3735 Magno
942 3688 1025 3730 opere.
1080 3670 1139 3718 tlt.
1158 3673 1215 3733 igni

95 3743 233 3796 Oenopides
252 3741 334 3789 Chius.
349 3742 486 3801 -liquori
497 3742 674 3797 Xenophanes:
695 3738 734 3808 γῆ
747 3742 798 3791 καὶ
806 3735 884 3813 ὕδωρ
894 3739 981 3792 noiail'
990 3736 1070 3792 ὅσσα
1082 3741 1216 3806 γίνονται

95 3805 146 3874 ἠδὲ
156 3806 296 3872 φύονται.
307 3825 330 3858 v.
339 3813 441 3856 Brendis
450 3812 619 3856 Commentatt.
628 3811 706 3858 Elent.
716 3828 739 3869 p.
750 3811 791 3858 1⁰.
800 3811 872 3862 ett5.
912 3811 971 3858 718.
992 3813 1093 3870 Quintil.
1104 3813 1127 3868 1,
1139 3811 1162 3867 6,
1172 3812 1213 3859 3⁰.

93 3880 280 3940 Nonnunquam
304 3882 379 3925 etiam
403 3881 514 3925 barbaro
537 3881 568 3924 ab
592 3883 731 3933 emendatis
754 3890 860 3928 conatur
878 3883 1023 3928 discernere
1048 3883 1214 3943 (etymologia)

94 3958 120 3995 ut
140 3965 214 4010 quium
234 3951 396 4009 Triquetram
413 3951 466 3997 dici
482 3952 614 4007 Siciliam,
633 3967 667 3996 an
687 3943 855 4012 Yriquedrarn
871 3973 905 3986 -
921 3958 1049 4009 oporteat,
1075 3954 1214 4014 quaeritur.

93 4022 134 4066 uhi
158 4022 289 4080 Spalding:
316 4021 352 4065 Ab
371 4014 442 4092 ἕδρα
458 4035 534 4076 sane,
564 4037 596 4066 an
613 4023 759 4082 tiquadra?
814 4023 872 4070 719.
892 4023 929 4066 An
948 4025 1041 4079 litoris,
1072 4022 1214 4069 annueris?

92 4093 173 4136 Bentl.
194 4092 239 4136 cfr.
261 4092 372 4136 Passow.
392 4095 422 4136 ad
443 4093 503 4137 Tac.
524 4092 608 4137 Germ.
625 4091 649 4138 1.
662 4108 687 4149 p.
700 4090 741 4138 83.
759 4096 787 4138 de
806 4095 968 4151 nocerinus,
989 4096 1056 4139 cuius
1076 4096 1159 4139 eadem
1179 4099 1215 4137 est

91 4162 167 4207 ratio.
197 4158 257 4207 721).
268 4162 425 4222 aspargitG.
434 4163 476 4207 W.
517 4160 575 4207 721.
590 4163 619 4206 Α.
630 4164 694 4209 Gell.
711 4162 758 4219 12,
773 4161 814 4209 20.
829 4160 944 4209 Ciceroni
955 4165 1055 4210 mollius
1065 4164 1214 4222 teretiusque

91 4233 173 4277 visum
199 4237 237 4278 eet
259 4232 287 4277 in
305 4233 391 4290 quintu
409 4233 436 4277 in
455 4230 558 4278 Verrem
574 4229 649 4290 fretu
667 4233 779 4279 scribere
798 4249 871 4294 quam
881 4231 964 4295 freto.
983 4236 1019 4280 lh.
1051 4235 1132 4289 (ulnis
1154 4231 1210 4290 W.)
