2782 4762
134 169 174 231 11

132 333 374 400 Commemorat
394 331 533 416 speeiem
556 332 714 395 lacrumas
735 332 897 394 effundere
920 330 1018 392 salsas

133 437 289 521 Coepisse
311 448 342 501 et
363 459 469 502 rernm
490 445 632 498 naturam
655 437 836 516 expandere
857 431 963 496 dietis.

178 543 421 624 'Quapropter,
445 542 527 602 hene
548 560 646 624 quom
669 535 793 620 superis
815 538 968 600 derebus
990 537 1136 599 habenda

131 643 237 709 Nobis
259 655 306 707 est
326 642 429 718 ratio,
452 640 530 706 solis
552 641 708 727 lunaeque
731 651 850 725 ineatus

132 735 204 828 Qua
223 748 301 810 fiant
323 745 449 810 ratione
473 755 504 807 et
525 766 588 828 qua
609 743 644 806 vi
666 765 810 830 quaeque
834 753 986 826 gerantur

130 851 170 914 In
191 849 307 924 terris;
337 860 403 911 tum
426 870 496 911 cum
517 846 630 929 primis
650 845 776 911 ratione
799 844 925 930 sagaci,

131 955 223 1017 Unde
246 949 348 1015 anima
369 962 463 1036 atque
485 949 581 1012 animi
603 961 728 1013 constet
747 959 876 1024 natura,
899 946 1088 1011 videndum:

130 1058 176 1119 Et
197 1077 278 1140 quae
300 1076 353 1118 res
375 1053 469 1118 nobis
492 1051 699 1136 vigilantibus
722 1052 821 1117 obvia
841 1050 973 1114 menteis
1037 1042 1038 1046 ¹

131 1159 305 1222 Terrificet
326 1159 442 1229 morbo
466 1153 590 1218 affectis
611 1177 790 1240 somnoque
810 1153 959 1237 sepultis3

131 1261 275 1325 Cernere
295 1258 342 1322 uti
368 1258 534 1321 videamur
555 1280 612 1322 eos
632 1256 805 1342 audireque
828 1279 940 1321 eoram

129 1364 244 1427 Morte
264 1361 369 1438 obita,
392 1382 529 1446 quorum
551 1359 645 1423 tellus
665 1360 867 1443 amplectitur
886 1382 972 1425 ossa.

191 1466 262 1529 Nec
280 1487 329 1528 me
353 1462 449 1527 animi
471 1461 554 1525 fallit
578 1461 753 1526 Graiorum
777 1465 916 1528 obscura
933 1473 1062 1546 reperta

128 1566 270 1633 Difficile
291 1567 452 1630 illustrare
475 1564 601 1628 Latinis
623 1566 769 1629 versibus
788 1588 874 1641 esse3

129 1671 238 1736 Multa
259 1669 354 1734 novis
375 1668 486 1733 verbis
506 1666 697 1751 praesertim
720 1689 818 1752 quom
840 1667 881 1730 sit
904 1671 1063 1752 agundum

129 1776 274 1856 Propter
293 1782 465 1856 egestatem
488 1770 616 1856 liuguae
639 1782 671 1835 et
689 1791 797 1833 rerum
822 1769 1018 1835 novitatem:

129 1877 194 1939 Sed
214 1887 268 1938 tua
291 1897 339 1938 me
362 1874 464 1936 virtus
484 1885 589 1936 tamen
610 1883 642 1936 et
663 1884 791 1955 sperata
812 1873 962 1956 voluptas

130 1977 244 2044 Suavis
266 1976 422 2042 amicitiae
444 1975 589 2062 quemvis
611 1976 736 2040 ecferre
757 1977 902 2040 laborem

130 2084 249 2146 Suadet
268 2093 299 2145 et
320 2079 441 2144 inducit
463 2079 587 2144 nocteis
613 2077 750 2162 vigilare
772 2100 899 2143 serenas

130 2185 345 2266 Quaerentem
367 2181 460 2246 dictis
482 2181 599 2267 quibus
621 2193 653 2244 et
677 2202 743 2266 quo
766 2181 906 2244 carmine
927 2185 1049 2246 demum

131 2289 230 2353 Clara
250 2298 322 2350 tuae
342 2284 464 2369 possim
484 2287 703 2367 praepandere
722 2283 839 2347 lumina
857 2286 971 2362 menti,

129 2393 196 2457 Res
218 2389 333 2477 quibus
356 2388 499 2452 occultas
520 2385 646 2470 penitus
669 2385 838 2451 convisere
857 2387 975 2470 possis.

193 2497 290 2558 Hunc
306 2490 407 2576 igitur
428 2501 588 2554 terrorem
612 2487 707 2552 animi
727 2493 939 2576 tenebrasque
961 2507 1120 2558 necessest

185 2734 244 2780 126.
263 2735 350 2780 solacia
369 2732 466 2778 firmant
483 2734 515 2778 G.
532 2734 561 2778 C.
590 2735 637 2778 Sed
650 2734 681 2777 E.
691 2729 798 2791 sulse&
826 2737 886 2779 unde
912 2736 990 2778 oritur
1010 2737 1093 2780 eadem
1114 2736 1245 2790 dubitatio,

130 2820 189 2864 quae
209 2819 253 2850 uos
272 2806 405 2850 etiamnunc
422 2805 483 2848 male
504 2804 575 2848 habet
595 2805 619 2848 in
637 2817 715 2849 verss.
736 2805 833 2863 Tragici
852 2807 913 2860 apud
933 2805 985 2849 Cic.
1006 2806 1105 2849 'I'uscui
1119 2807 1145 2859 1,
1165 2806 1187 2865 0.
1203 2804 1245 2853 37.

129 2877 230 2919 animoa
248 2875 356 2920 obscure
375 2873 477 2928 umbro,
506 2874 576 2918 sutae
595 2872 639 2931 (al.
653 2868 742 2936 Jolso)
760 2874 901 2933 sangnine,
933 2880 1088 2919 mortuorum
1107 2876 1244 2936 imagines.

131 2943 190 2991 130.
208 2952 336 3006 genantur
350 2944 379 2988 1..
419 2941 478 2988 132.
498 2945 598 2989 animae
617 2944 719 2989 tensius.
736 2945 765 2988 B.
804 2941 862 2988 131.
883 2943 1022 3006 terriflccnt
1039 2947 1092 2989 cod.
1109 2946 1242 2991 noanon.

128 3017 221 3060 Parcus
237 3016 352 3071 probante
368 3016 410 3057 W.
431 3014 471 3072 qui
488 3015 586 3069 insuper
604 3015 648 3058 hac
661 3015 724 3058 coni.
748 3027 792 3058 nos
810 3019 911 3059 mactat:
940 3018 975 3070 (et
990 3011 1039 3074 qud
1053 3030 1081 3058 re
1100 3041 1110 3050 ·
1127 3041 1136 3050 -
1158 3015 1246 3060 Terri-

122 3084 227 3147 ficent.)
264 3081 322 3130 137.
343 3083 423 3127 animi
439 3083 550 3127 Macrob.
566 3083 595 3136 6,
618 3082 643 3127 2.
664 3084 694 3128 G.
710 3085 738 3128 C.
752 3085 783 3132 E.
798 3083 827 3130 A.
846 3105 881 3117 -
899 3074 999 3129 enimus
1015 3085 1075 3129 eon.
1095 3087 1164 3130 Bodi.
1182 3086 1244 3130 Edd.

128 3160 187 3200 vett.
198 3155 244 3198 Au.
283 3151 340 3198 111.
358 3158 471 3211 spectata
488 3152 601 3197 voluntas
616 3153 686 3197 Bodi.
702 3152 733 3200 A.
752 3157 877 3210 (spectato
895 3156 1007 3211 voluptas
1022 3155 1075 3206 W.)
1105 3157 1151 3199 Sed
1163 3169 1246 3200 veram

130 3227 255 3269 lectionem
270 3228 382 3268 asserunt
395 3223 481 3279 reliqui
501 3221 578 3266 Codd.
597 3222 658 3265 Edd.
676 3227 734 3267 vett.
774 3222 831 3268 112.
848 3221 967 3283 perferre
986 3224 1014 3268 C.
1032 3226 1094 3268 Ven.
1114 3225 1158 3273 Av.
1170 3226 1200 3272 Ρ.
1213 3226 1243 3270 A.

128 3294 181 3342 Cir.
193 3294 325 3352 Tragicum
343 3293 403 3347 apud
420 3292 472 3336 Cic.
489 3305 533 3348 pro
544 3293 622 3336 Sestio
640 3291 662 3350 §.
675 3288 733 3336 102.
755 3291 790 3335 Te
803 3292 830 3337 td
837 3325 844 3346 ,
864 3294 929 3351 qnod
939 3295 1012 3338 multi
1023 3293 1150 3339 trameant
1162 3295 1246 3339 multi·

128 3378 174 3424 que
192 3369 324 3420 expetunt,
345 3362 480 3406 inscitio’st
493 3362 641 3419 postolare,
661 3361 686 3405 ai
702 3367 729 3405 tat
746 3360 857 3406 laborem
876 3376 974 3408 sommo
989 3378 1045 3408 cnm
1063 3378 1126 3408 curo
1144 3362 1244 3422 ecferor

128 3435 170 3489 (ai.
190 3447 317 3489 perperam
332 3429 436 3493 offerus)
455 3433 561 3477 nullom.
612 3427 670 3478 113.
691 3445 792 3475 severos
812 3433 891 3477 Benti.
941 3430 999 3479 150.
1020 3435 1055 3477 lta
1077 3436 1175 3489 scripsit
1197 3436 1240 3479 W.

128 3500 204 3548 Cuius
220 3503 375 3560 principium
393 3500 453 3546 hinc
470 3502 543 3546 nobis
561 3502 606 3546 Ar.
619 3504 649 3549 P.
671 3526 703 3534 -
722 3500 880 3558 Principium
900 3504 973 3548 cniats
991 3501 1050 3547 hinc
1069 3504 1140 3548 nobis
1160 3505 1190 3548 G.
1211 3505 1241 3548 C.

127 3575 158 3623 E.
179 3573 226 3618 Alii
245 3573 306 3617 Cdd.
325 3573 393 3616 Brix.
413 3574 474 3618 Ver.
493 3574 557 3617 Ver.
593 3592 627 3604 -
661 3568 819 3630 Principium
842 3569 901 3616 hinc
926 3573 999 3617 cuius
1022 3575 1093 3618 nobis
1111 3575 1141 3618 A.
1161 3575 1191 3622 L.
1212 3576 1243 3618 Η.

127 3645 275 3702 Frequentes
300 3647 356 3686 sunt
379 3643 495 3688 eiusmodi
520 3642 719 3702 transpositiones
742 3643 780 3687 vei
804 3647 881 3687 metro
900 3645 937 3688 vel
955 3645 1086 3689 sententiae
1106 3645 1243 3691 contrariae

128 3715 201 3759 etiam
214 3715 237 3758 in
251 3713 319 3758 Gott.
333 3726 356 3757 v.
371 3726 392 3756 c.
410 3709 467 3756 118.
498 3708 598 3756 Ennius
618 3717 644 3756 ut
657 3711 769 3770 primum
788 3712 892 3767 cecinit,
913 3713 957 3773 qui
973 3719 1059 3757 noster
1077 3727 1181 3758 nanneno
1194 3720 1241 3759 eet.

527 3838 582 3882 Lis.
598 3837 618 3881 t.
638 3834 834 3901 nidd-719.

199 3925 258 3976 707.
279 3929 331 3973 cfr.
347 3929 367 3973 1.
384 3925 443 3973 636.
463 3925 619 3988 Quapropter
638 3926 694 3986 quei
709 3926 841 3971 anulariam
853 3941 938 3971 rerum
950 3941 1006 3971 ease
1015 3934 1139 3986 putarunt
1155 3928 1244 3988 Ignem

126 4005 199 4059 etque
217 4012 251 4042 ea·
269 3999 327 4058 igni
343 4012 467 4043 summam
491 3997 629 4041 consistere
647 3997 714 4051 solo,
747 3995 844 4057 Magno
862 4011 936 4056 opere
960 4012 1018 4041 ocra
1035 3999 1118 4056 lapset
1144 4000 1243 4043 ratione

126 4069 256 4114 ridentur:
277 4066 422 4112 Heraclitus
440 4068 488 4112 init
505 4081 609 4128 quornm
627 4065 682 4111 dux
697 4067 798 4124 proelio
813 4068 928 4126 primns,
951 4064 1042 4112 Clarus
1059 4068 1089 4112 ob
1107 4069 1242 4113 obscuram

125 4141 240 4201 linguam
259 4137 344 4197 magis
361 4138 561 4193 interitionem,
587 4135 698 4198 Qrtomde
715 4137 819 4197 graecia
837 4138 903 4182 inter·
922 4136 1031 4193 Graios,
1051 4139 1108 4197 quei
1125 4153 1184 4182 σενα
1202 4153 1242 4182 re·

126 4211 237 4269 quirunt.
275 4207 367 4253 Omnia
385 4208 451 4252 enim
469 4208 570 4253 stolidei
586 4207 671 4267 mugio
690 4207 850 4252 admirantur
874 4214 1021 4267 amantque,
1048 4209 1160 4253 Inoorsr'a
1178 4223 1242 4268 quoe

126 4279 171 4325 aab
190 4278 272 4325 verbis
290 4278 419 4324 latitantia
437 4285 555 4334 cernunt,
584 4275 696 4337 Veroque
714 4277 879 4334 constituunt,
900 4293 962 4339 quac
981 4278 1043 4324 belle
1061 4285 1166 4340 tongere
1183 4292 1242 4338 pos-
