2782 4762
151 167 218 234 232

152 329 312 412 Exiguam
337 339 367 390 et
390 328 530 389 modicae
554 336 707 406 sumptam
732 328 770 387 de
794 323 936 407 margine
960 342 1079 386 coenae
1231 324 1280 384 dl)

153 432 343 513 Purpureus
366 429 471 513 magni
493 439 635 490 ructaret
657 448 767 489 scurra
791 428 907 507 palati,

153 533 221 595 Iam
245 532 392 614 princeps
416 531 578 614 equitum,
604 551 715 612 magua
739 529 793 612 qui
816 549 899 592 voce
923 529 1046 591 solebat

152 636 304 698 Vendere
327 633 498 713 municipes
520 633 623 695 fracta
647 634 684 713 de
708 651 812 693 aneree
836 629 976 692 siluros?

152 735 264 816 Imcipe
287 735 452 816 Calliope,
476 735 549 796 licet
573 747 604 797 et
628 710 814 797 colilidere:
839 754 900 796 non
925 744 972 796 est

153 836 369 910 Cantandum,
394 858 445 899 res
470 857 545 898 vera
569 835 687 918 agitur.
733 837 891 911 Narrate,
915 838 1040 916 praellae
1160 863 1163 869 ·
1234 837 1276 898 35

153 940 322 1012 Pierides3
346 939 450 1021 prosit
474 938 548 999 mihi
572 959 630 998 vos
655 935 774 998 dixisse
797 937 937 1017 puellas!
961 973 1003 983 -

196 1042 302 1121 Quom
324 1040 384 1101 iam
409 1039 609 1102 semanimum
632 1038 789 1101 laceraret
812 1038 943 1101 Flavius
967 1043 1079 1103 orbem

154 1139 290 1207 Ultimus
314 1154 344 1204 et
367 1143 459 1205 calvo
484 1140 621 1203 serviret
645 1141 747 1202 Roma
772 1141 913 1215 Neroni,

153 1244 268 1308 Incidit
291 1243 423 1306 Adriaci
446 1196 788 1324 spiildriifidmirabite
810 1244 938 1357 rhorpbi
1017 1294 1032 1316 l

897 1314 1017 1348 1412οριῶ

155 1347 241 1408 Ante
264 1347 390 1407 domum
414 1343 569 1458 llipperis,
595 1364 687 1424 quam
710 1344 830 1406 Dorica
853 1345 985 1408 sustirlet
1010 1345 1145 1422 Ancon,
1235 1350 1277 1409 tu

155 1447 369 1530 Implevitque
391 1434 499 1508 simis:
525 1466 626 1526 neque
649 1445 730 1506 euim
754 1448 856 1508 minor
880 1449 1024 1510 haeserat
1045 1448 1108 1511 illis
1117 1490 1131 1524 ,ι

157 1549 248 1628 Quos
271 1548 376 1628 operit
399 1547 516 1629 glacies
540 1547 705 1610 Maeotica
728 1559 884 1630 ruptaque
907 1551 1038 1612 tandem

157 1650 285 1712 Solibus
309 1650 440 1712 efftmdit
463 1650 614 1712 torrentis
638 1651 682 1710 ad·
699 1648 780 1710 ostia
804 1651 904 1713 Ponti

155 1751 286 1814 Desidia
308 1754 419 1815 tardos
442 1739 481 1814 et⁴
496 1753 595 1834 longo
619 1750 743 1833 frigore
766 1750 940 1867 pingpes„

155 1854 303 1916 Destinat
324 1856 386 1917 hoc
411 1866 583 1916 monstrum
607 1855 738 1932 cymbae
763 1836 881 1937 liniqiid
904 1857 1054 1940 magister
1236 1859 1282 1920 ²15*

157 1955 307 2019 Pontifici
329 1977 464 2018 summo.
511 1953 589 2032 Quis
613 1954 693 2015 euim
717 1976 900 2034 proponere
924 1958 1016 2019 talem

156 2059 225 2120 Aut
248 2079 352 2120 emere
366 2055 526 2119 auderet?
549 2077 645 2138 quom
669 2056 760 2136 plena
785 2068 815 2118 ct
838 2057 932 2121 litora
956 2061 1061 2122 inulto·

155 2159 312 2223 Delatore
334 2160 460 2234 forent,
486 2158 619 2238 dispersi
640 2159 786 2238 protinus
810 2160 902 2242 algae

156 2261 370 2346 Inquisitores
393 2272 528 2343 agerent
548 2281 617 2322 cum
640 2258 761 2343 remige
784 2264 868 2324 nudo
879 2304 894 2336 ,·
947 2333 949 2337 .

136 2464 140 2474 =
228 2441 270 2489 22.
292 2439 331 2488 Sic
347 2443 505 2487 AB'CDEFG.
520 2443 612 2501 Web.;
633 2449 658 2487 ut
676 2447 736 2499 apud
755 2445 827 2490 Lucr,
849 2442 879 2498 lt,
900 2443 959 2490 968.
980 2445 1005 2500 5,
1028 2444 1103 2492 1216.
1142 2447 1202 2490 Cum
1222 2460 1284 2502 pauc

158 2516 193 2558 cis
211 2514 273 2569 Rup.
293 2511 516 2570 Endoperotorem.
555 2510 596 2556 30.
622 2512 652 2556 de
683 2513 810 2572 margine]
838 2529 910 2571 quum
936 2517 960 2558 iu
985 2516 1061 2559 media
1085 2529 1168 2560 mensa
1198 2523 1281 2560 essent

158 2584 224 2638 apri,
254 2596 356 2637 pavones
374 2588 440 2636 cet,
469 2582 567 2626 maioris
589 2582 661 2626 etiam
678 2584 747 2638 pretii
770 2583 826 2626 cibi.
878 2580 919 2627 31.
933 2581 1025 2641 fructa
1043 2583 1073 2628 de
1090 2598 1173 2628 meree
1195 2585 1285 2630 Senon

158 2657 182 2697 et
200 2657 291 2706 septem
308 2653 364 2696 mei.
402 2651 573 2708 ‚,(Aegyptios)
593 2653 651 2696 vites
676 2653 766 2695 siluros
782 2666 871 2708 eosque
890 2666 933 2707 per
951 2653 1014 2696 vlam
1032 2654 1155 2697 mutilatos
1173 2659 1244 2709 atque
1265 2668 1280 2696 a

157 2723 254 2766 cetariis
273 2722 317 2775 ipsi
333 2723 488 2765 venumdatos
509 2734 594 2764 rursus
616 2722 712 2776 popello
731 2721 873 2765 vendebat.”
892 2721 965 2765 Web.
1012 2722 1076 2766 llaec
1094 2723 1190 2766 facilior
1207 2725 1281 2766 etiam

156 2791 324 2846 interpretatio
342 2787 388 2843 ed,
420 2804 490 2846 quam
509 2796 686 2844 proposuerunt
705 2791 790 2847 Pinag.
815 2795 839 2840 et
864 2791 989 2844 Lemaire,
1024 2795 1048 2834 ut
1065 2792 1098 2835 sit
1121 2790 1281 2849 „singulatim

157 2861 296 2910 vendere’'‚
317 2873 348 2902 en
362 2857 456 2912 tilloit,¹
472 2881 500 2890 -
516 2857 609 2902 Pinario
622 2858 652 2903 do
674 2872 756 2902 meree
769 2860 859 2903 Muret.
874 2861 978 2908 Salmas.
999 2884 1032 2894 -
1045 2857 1130 2918 fricto
1144 2855 1178 2904 ¹de
1196 2873 1281 2902 marca

157 2929 260 2982 Mauso,
281 2929 342 2982 llup.
381 2925 423 2972 st.
442 2929 502 2971 licet
519 2926 560 2971 bic
578 2927 710 2971 considere
728 2929 775 2971 mei
795 2933 895 2982 septem.
933 2929 1006 2973 Recte
1025 2931 1060 2974 sic
1077 2930 1130 2974 fere
1149 2942 1203 2973 cnm
1219 2930 1280 2971 Bar-

157 2998 208 3041 thio
227 3003 251 3041 et
269 2997 382 3040 Weberis
402 2997 517 3040 ambobus
534 2998 679 3051 explicabis:
719 3011 785 3050 „uon
811 3011 869 3052 opus
891 3003 928 3041 est
947 3011 1064 3056 surgere,
1096 3011 1143 3041 non
1162 3010 1223 3052 opus
1241 2997 1281 3040 bie

158 3072 196 3110 est
219 3067 331 3110 instinctu
351 3065 478 3121 inflatuque
498 3066 597 3121 divino;
617 3068 672 3109 licet
690 3067 775 3120 etiam,
796 3067 816 3109 si
836 3069 925 3120 placet,
946 3068 1070 3111 considere
1083 3066 1236 3123 ..tranquille
1253 3079 1282 3108 ae

158 3137 285 3179 summisse
312 3136 407 3189 dicerc;
439 3148 494 3176 uam
511 3135 569 3177 uibtt
594 3133 743 3193 fingendum,
775 3148 815 3178 res
833 3149 891 3178 vera
919 3137 1040 3179 dumtaxat
1065 3136 1186 3179 narranda
1219 3134 1282 3181 est.”

159 3205 200 3248 Sic
218 3208 321 3246 narrate
350 3204 427 3246 locum
456 3216 524 3246 suum
553 3208 641 3248 tuetur.
678 3204 768 3248 Parata
795 3205 845 3246 vult
868 3205 1001 3247 Fraucltius
1021 3202 1141 3248 Verisimt
1163 3215 1235 3261 epea.
1256 3217 1281 3257 pr

159 3270 202 3318 29.
223 3286 276 3316 cum
288 3272 387 3325 Ruperti
401 3271 445 3314 (ld.
467 3269 508 3315 22.
529 3286 607 3330 anaug.
645 3270 686 3317 37.
706 3273 879 3317 semianimem
897 3274 927 3316 B.
942 3276 1009 3317 solus
1022 3287 1051 3319 ex
1068 3273 1139 3317 meins
1177 3268 1284 3316 imn-

159 3353 218 3386 cona
237 3342 260 3385 in
285 3354 344 3399 agro
365 3341 454 3386 Piceno
480 3356 494 3384 a
518 3343 674 3394 Syracusanis
699 3343 802 3386 solidita.
847 3340 889 3386 tt.
909 3343 1025 3395 „initium
1049 3352 1137 3386 venae
1151 3340 1282 3399 virgiliani

158 3414 218 3455 Aen.
252 3408 298 3463 10,
330 3408 390 3455 819.
434 3409 592 3468 Implevitque
622 3412 695 3455 sinus
723 3410 841 3469 sanguis.
873 3411 946 3454 ainus
970 3413 995 3455 h.
1027 3413 1045 3456 Ι.
1071 3411 1142 3454 retia.
1154 3409 1168 3432 ’¹
1197 3410 1282 3453 Schola

161 3477 203 3528 31.
224 3480 345 3525 torrentia
363 3472 421 3536 legit
439 3481 519 3523 Schol.
542 3481 681 3534 explicans:
702 3480 875 3534 „perfluentis,
895 3481 1026 3525 currentis.
1065 3480 1117 3523 illie
1138 3479 1283 3523 namvener-

159 3565 197 3594 uta
217 3551 333 3607 quoddam
352 3549 425 3592 trahit
449 3550 542 3592 mare.'’
578 3549 664 3602 llecte,
695 3555 766 3603 puto:
796 3551 884 3592 etenim
914 3545 1013 3605 „servat
1045 3553 1160 3593 arctatae
1190 3545 1284 3604 rapido

158 3620 263 3680 gurgite
280 3618 414 3662 Pontua:’'
432 3619 522 3662 Lucan.
544 3615 573 3671 5,
595 3615 672 3663 231..
702 3618 832 3662 Praeterea
849 3619 877 3661 de
899 3632 928 3661 eo
947 3623 1054 3673 ternpore
1072 3630 1154 3661 sermo
1168 3621 1220 3669 est,
1241 3615 1284 3659 ubi

158 3688 259 3746 torpida
276 3689 397 3746 glaciesa
419 3689 470 3731 sole
490 3689 606 3731 dissoluta
628 3692 684 3743 est;›
699 3692 723 3731 et
741 3688 786 3730 boo
804 3700 858 3730 voc.
879 3692 979 3730 torrens
998 3688 1046 3730 adi.
1065 3687 1104 3730 vel
1121 3684 1214 3740 partic.
1234 3685 1282 3728 ali·

160 3759 256 3814 quoties
283 3759 356 3801 utitur
379 3756 461 3804 iuven.
485 3777 520 3791 -
543 3757 665 3812 torpentia
696 3757 759 3800 Cett.
789 3757 851 3813 quod
879 3756 998 3810 explicant
1021 3755 1172 3812 „stagnantis
1200 3754 1284 3811 ςοΙιι.ἰ

162 3823 204 3871 ll.
224 3827 278 3881 „Ne
297 3826 390 3870 dubites
409 3839 446 3869 vv.
468 3831 574 3884 agerent
591 3838 647 3868 eum
664 3839 688 3871 r.
709 3839 735 3868 n.
755 3823 889 3882 significatu
906 3826 998 3868 forensi
1016 3825 1144 3878 accipere,
1165 3826 1191 3865 ot
1207 3821 1285 3881 signi·

159 3893 215 3939 ficet
239 3897 262 3939 in
285 3897 322 3939 ius
341 3909 444 3948 vorare,
465 3896 531 3938 illum
552 3895 575 3937 in
595 3895 683 3937 iudicio
703 3896 845 3944 coemerit-e,
865 3894 1007 3939 accusare.’'
1025 3893 1099 3937 Web.
1138 3887 1179 3936 53.
1205 3888 1286 3944 „Put-

153 3959 245 4021 surr'us
263 3962 330 4007 Sara
349 3965 425 4018 (Suet.
446 3965 517 4006 Dom.
540 3960 594 4014 13.)
615 3964 748 4006 consularis
768 3963 813 4004 viri
832 3959 896 4005 fitius
914 3965 938 4006 in
954 3975 1029 4020 agone
1049 3975 1103 4006 cram
1124 3960 1218 4018 virgine
1236 3959 1285 4003 La·

160 4033 313 4077 redactuonia
335 4033 379 4075 sub
399 4033 495 4077 Nerone
515 4035 614 4076 luctatus
640 4037 684 4077 est.
739 4031 853 4074 Postinde
875 4045 888 4073 a
907 4032 1057 4086 Vespasiano
1076 4034 1159 4074 senatu
1184 4032 1283 4082 motus,

162 4103 272 4145 transivit
290 4102 318 4144 ad
344 4103 450 4145 Stoicam
468 4108 572 4156 sertam,
601 4102 690 4157 inqua
712 4112 783 4156 quum
809 4102 959 4153 praevaleret
980 4105 1004 4143 et
1024 4099 1162 4156 eloquentia
1177 4101 1202 4140 et
1221 4097 1285 4141 artis

161 4173 268 4227 poeticae
286 4171 379 4228 gloria,
411 4171 498 4214 abusus
517 4170 680 4214 familiaritate
702 4169 851 4221 Domitiani,
881 4170 1036 4213 acerbissime
1055 4172 1136 4223 partes
1154 4166 1285 4210 delationis

161 4241 283 4286 exercuit:
305 4253 351 4297 quo
370 4239 497 4284 interfecto
505 4270 511 4294 ,
534 4245 617 4285 senatu
638 4243 778 4292 accusante,
800 4240 924 4284 damnatus
946 4243 995 4283 est:
1017 4250 1088 4294 quum
1106 4235 1286 4281 fuissentinter
