2782 4762
614 361 744 407 uultis.

289 462 389 546 Queis
404 461 594 538 desideriis,
619 464 659 525 ab
683 462 796 526 miser!
821 462 971 525 aestuas?

288 571 508 652 praegnantes
530 564 628 628 veluti
649 564 720 648 pica
743 563 855 648 coquit
876 586 951 642 sua,
977 566 980 570 ⁴

372 672 518 734 Mentem
542 689 643 751 prava
665 668 783 751 cupido

458 776 542 838 Atra
564 774 719 856 compede
740 771 886 836 fascinat.

622 941 742 987 Poura,

289 1039 429 1104 Haurire
452 1042 597 1123 lymphas
620 1041 699 1121 (urit
720 1039 802 1104 enim
824 1040 904 1120 sitis)

290 1144 375 1207 Hinc
399 1155 505 1225 optem
528 1155 561 1206 et
584 1145 672 1210 Osco
697 1165 788 1207 more
811 1142 952 1208 seniliter
1001 1201 1004 1205 .
1049 1165 1052 1171 ¹

373 1244 531 1311 Bacchari
553 1258 584 1311 et
605 1248 752 1331 antiquos
775 1247 902 1312 caducis

460 1352 587 1414 Eruere
610 1373 650 1415 ex
672 1350 799 1414 tumulis
821 1353 949 1434 po'e'tas.

620 1499 749 1543 uitauit.

293 1600 393 1664 Malis
417 1601 505 1664 labra
528 1621 621 1689 sacro
644 1599 771 1682 tingere
793 1596 938 1676 flumine,

294 1705 393 1785 Quod
414 1703 480 1765 llxal
503 1700 610 1765 elicuit
632 1701 778 1784 Pegasus
801 1698 941 1781 ungula:

378 1807 422 1871 Ut
444 1804 563 1887 spumis
587 1804 759 1887 Aganippe

464 1909 602 1971 Nostras
624 1899 789 1970 subsiliens
809 1903 937 1969 fremit!

624 2052 743 2121 rodon.

296 2177 401 2257 Quam
424 2175 516 2238 dulce
537 2175 648 2240 Flacci
670 2176 710 2236 ml
733 2173 836 2256 sapiat
857 2194 999 2249 merum,

295 2277 363 2341 Scis
386 2279 474 2361 ipsa,
499 2282 555 2341 sed
577 2300 660 2341 nune
681 2276 818 2343 Pacuvii
838 2277 979 2358 scyphos

383 2380 503 2446 Orexis
526 2382 674 2444 Atellano
696 2383 806 2444 suadet

437 2491 441 2502 ”
466 2485 510 2549 Et
531 2483 668 2567 tepidam
691 2482 789 2548 Matii
811 2484 969 2566 lagenam.

622 2631 750 2676 ΤΗΑΜΑ.

296 2736 428 2798 Verbo:
454 2754 580 2814 semper
602 2751 685 2793 amas
710 2730 820 2806 devia,
845 2730 954 2793 niteris

296 2838 460 2920 Praeceps
482 2835 513 2898 in
538 2834 685 2896 vetitum:
710 2832 737 2894 si
759 2811 855 2896 litiros
879 2833 978 2896 leram

381 2941 486 3011 Enni,
510 2938 560 3000 ser
583 2935 676 3013 mihi,
702 2935 804 3014 dices,

466 3041 595 3107 Claram
618 3037 750 3123 Virgilii
772 3042 894 3105 tubam.

627 3162 746 3234 notius.

298 3294 328 3356 Ο
353 3289 455 3367 Diva,
482 3312 640 3375 nunquam
663 3288 801 3353 senseris
824 3289 957 3370 amplius

298 3395 588 3478 Inobsequentem:
613 3393 697 3474 (iuro
720 3415 780 3476 per
801 3392 913 3476 igneas

382 3496 509 3561 Phoebi
532 3497 665 3580 sagittas
674 3499 697 3578 l)
720 3508 791 3560 ante
814 3496 938 3558 dulcem
1211 3496 1251 3558 35

468 3600 531 3662 Sed
553 3598 621 3664 sine
642 3621 692 3663 me
715 3599 822 3662 lairere
845 3601 930 3661 hunc
951 3597 1108 3664 sororem.

202 3801 243 3848 ll.
270 3801 340 3861 pico]
352 3803 364 3824 ''
391 3805 419 3847 de
443 3805 578 3859 appetentia
602 3805 689 3851 vitiosa
713 3805 776 3849 dicta
798 3805 892 3850 videtur
917 3817 931 3846 n
955 3803 1133 3848 recentioribus
1157 3805 1254 3848 deinum

130 3874 247 3926 uredinis,
276 3873 316 3933 qui
335 3871 420 3922 κίττα
439 3878 462 3917 et
480 3869 582 3922 κιττᾶν
600 3875 635 3919 sie
654 3875 823 3929 expresserc.''
841 3874 964 3919 Gesner-us
984 3874 1007 3917 in
1026 3873 1101 3918 Thes.
1141 3869 1182 3918 40.
1203 3874 1253 3917 To·

130 3949 179 3987 tum
203 3945 247 3986 hnc
272 3957 367 3988 carrarca
395 3941 551 4000 (Poc‘matum
569 3944 640 3992 Tem.
664 3946 697 3989 ll.
717 3959 741 4000 p.
763 3940 822 3990 223.
843 3944 959 3990 Coloniae
980 3939 1071 3999 1660.)
1089 3945 1254 3998 explicandum

130 4017 167 4058 est
185 4028 197 4058 c
212 4015 273 4056 ruiro
286 4017 310 4056 ct
328 4013 468 4070 plerumque
487 4013 591 4068 infelici,
613 4029 659 4072 quo
677 4014 795 4073 flagrabat
813 4015 902 4070 polita,
922 4015 1001 4058 studio
1021 4013 1110 4059 Oscam
1127 4010 1211 4069 poesin
1230 4015 1254 4058 in

129 4088 204 4127 vitam
221 4083 367 4127 revocandi:
399 4085 441 4126 sed
460 4084 624 4142 Scaligerum‚
650 4085 689 4142 qul
709 4097 768 4128 unus
791 4085 815 4128 in
834 4085 914 4140 prisca
937 4084 1065 4129 Latinitate
1083 4085 1147 4129 velut
1164 4085 1254 4128 instau-

130 4155 205 4196 randa
224 4156 247 4196 et
265 4155 395 4197 recreanda
414 4154 540 4209 excelluit,
559 4155 634 4199 Balde
648 4155 745 4199 minime
764 4155 938 4212 aequiparavit.
976 4155 1028 4199 lloc
1046 4159 1070 4200 et
1087 4156 1134 4199 <luo
1153 4167 1254 4212 sequen·

131 4224 162 4266 tia
183 4223 289 4266 carmina
308 4224 331 4266 in
350 4222 448 4268 Delectu
467 4239 511 4270 suo
540 4225 621 4269 omisit
638 4225 753 4280 patruelis
776 4239 853 4270 meus.
897 4223 974 4280 Mihi,
1000 4225 1063 4283 quod
1081 4226 1110 4270 ad
1129 4237 1256 4284 argomen-

132 4295 182 4354 tum
202 4294 286 4338 saltem
304 4293 403 4350 attinet,
422 4293 638 4350 praestantioribus
657 4296 833 4341 adnumeranda
851 4294 1017 4342 videbantur..
