2782 4762
93 348 264 416 Flammati
282 348 498 416 Phaethontis
517 359 549 412 et
571 346 660 414 adria
683 370 857 431 cupressu;

93 455 187 518 Haec
206 452 326 517 circum
350 456 441 519 sedes
458 453 521 518 late
541 462 693 518 contexte
713 451 853 529 locavit,

94 555 300 620 Vestibulum
318 567 352 619 ut
370 556 460 621 melli
483 557 621 621 velatum
641 555 759 622 fronde
784 554 920 618 vireret.
1158 557 1219 621 295

94 660 178 725 Post
197 661 284 723 hunc
305 656 515 745 consequitur
536 658 662 724 sollerti
682 662 782 723 corde
804 660 1038 734 Prometheus,

93 763 276 827 Extenuata
299 783 413 846 gerens
435 761 555 827 veteris
577 761 716 847 vestigia
740 782 882 844 poenae,

94 864 198 944 Quam
218 867 379 950 quondam
402 863 485 929 silici
506 863 673 929 restrictus
692 867 833 929 membra
858 875 969 927 catena

93 966 263 1032 Persolvit
282 971 459 1051 pendense
482 966 661 1032 verticibus
682 967 877 1051 praeruptis.

94 1071 172 1134 lude
191 1081 284 1153 pater
305 1069 413 1135 divom
437 1082 545 1135 sancta
567 1092 637 1133 cnm
660 1070 799 1155 coniuge
822 1069 969 1157 natisque

94 1173 237 1237 Advenit
260 1174 366 1249 caelo,
389 1184 420 1238 te
438 1174 561 1250 solnm,
584 1174 740 1249 Phoebe,
763 1172 948 1259 relinquens

94 1274 336 1363 Unigenamqnc
359 1275 452 1340 simul
475 1275 642 1340 cultricem
665 1275 828 1341 montibus
851 1275 934 1340 Idri.

93 1379 192 1444 Pelea
213 1401 286 1442 nam
306 1390 411 1443 tecum
430 1379 554 1462 pariter
577 1401 675 1443 soror
698 1391 895 1462 aspernatast

93 1482 164 1545 Nec
182 1480 330 1545 Thetidis
352 1485 459 1546 taedas
483 1481 587 1547 voluit
609 1482 774 1546 celebrare
796 1482 925 1568 iugalis.

94 1582 159 1664 Qui
180 1595 350 1670 postquam
372 1584 486 1649 niveos
507 1585 666 1648 flexerunt
687 1584 816 1649 sedibus
839 1597 944 1662 artus,

92 1688 205 1771 Lange
224 1686 395 1771 multiplici
418 1699 622 1752 constructae
643 1698 716 1750 sunt
739 1691 820 1771 dape
841 1709 979 1752 mensae.

93 1789 201 1870 Quom
222 1788 344 1854 interea
367 1789 496 1855 infirmo
518 1791 695 1877 quatientes
720 1811 862 1873 corpora
886 1801 993 1867 motu,

93 1890 271 1957 Veridicos
291 1894 416 1958 Parcae
438 1905 615 1976 coeperunt
634 1895 728 1957 edere
751 1904 876 1956 cantus.

93 2001 111 2038 ⁶
133 1992 196 2058 His
217 2017 340 2078 corpus
361 1996 530 2063 tremulum
555 1995 773 2080 complectens
793 1993 933 2081 undique
951 2007 1081 2081 questus
1089 2041 1099 2074 ,

92 2210 150 2242 sene
167 2197 231 2242 ceni.
246 2197 300 2242 dedi
319 2211 382 2243 nunc
406 2212 460 2244 cuns
485 2199 539 2243 stu.
560 2203 585 2243 et
598 2198 699 2244 Lachm.
716 2212 760 2255 pre
777 2199 838 2244 Cdd.
856 2197 1016 2255 Nonacrius,
1043 2197 1100 2247 Non
1117 2202 1219 2254 eruor.)

93 2264 152 2312 29u.
172 2272 244 2312 actea
256 2268 341 2312 Heius.
354 2267 405 2314 Ast.
445 2265 505 2314 292.
526 2269 603 2313 Cedd.
619 2269 725 2324 Intenti,
741 2269 863 2324 luctanti,
884 2271 944 2315 unde
961 2273 1036 2316 Voss.
1052 2271 1168 2316 laetenti.
1180 2290 1216 2305 -

90 2336 188 2396 lateque
201 2337 278 2382 codd.
297 2338 349 2382 iere
366 2352 464 2392 ornnes,
485 2339 545 2384 unde
561 2339 625 2384 Seal.
641 2338 760 2402 flatuque.
780 2340 910 2398 Utramque
923 2345 1002 2385 antem
1020 2341 1148 2385 lectionem
1163 2341 1216 2385 loe·

90 2407 157 2452 tenti
172 2432 184 2444 ·
202 2431 212 2443 ·
225 2406 336 2469 fletuque
354 2411 477 2453 coniunxit
494 2410 567 2464 Vutp.
587 2414 632 2462 „ut
649 2410 729 2454 versui
748 2415 900 2465 compararet
919 2411 1091 2466 uarietatem,”
1110 2411 1149 2455 vix
1168 2410 1219 2455 Ca-

91 2477 231 2532 tullianain,
251 2477 394 2522 observante
413 2477 486 2536 Ging.
518 2479 626 2522 Similem
645 2493 741 2523 versum
759 2479 832 2524 habet
849 2479 942 2524 Ennius
961 2494 984 2535 p.
1006 2476 1064 2526 135.
1085 2480 1115 2524 ll.
1143 2477 1217 2537 Cepi-

91 2547 151 2593 ritu’
174 2547 303 2592 nutantea'e
323 2548 399 2605 pines
424 2553 553 2606 rectosque
585 2562 731 2606 cupressea.
798 2546 857 2594 293.
883 2549 1020 2609 cyparisse
1045 2549 1121 2594 Guar.
1142 2549 1215 2608 Ging.

92 2614 152 2663 291.
172 2617 281 2677 vestigia
299 2617 464 2672 vinculorum,
493 2618 629 2672 clarorum,
659 2619 754 2675 aquilae
774 2632 914 2673 morsuum,
947 2633 1007 2677 qnos
1034 2621 1062 2662 ad
1083 2620 1216 2665 Caucasum

91 2687 203 2746 alligatus
221 2691 291 2733 antea
309 2692 362 2731 erat
379 2697 523 2743 perpessus:
555 2688 588 2731 ita
605 2688 677 2746 vulgo
696 2689 830 2744 explicant,
859 2694 941 2743 recte,
966 2689 991 2732 ni
1009 2687 1096 2743 fallor,
1116 2704 1173 2734 num
1191 2702 1214 2734 r.

90 2763 229 2802 extenuare
253 2757 338 2801 medici
363 2771 456 2814 qnoque
480 2759 509 2802 de
532 2758 684 2802 cicatricibus
703 2763 826 2813 usurpant.
852 2772 875 2802 v.
893 2759 998 2804 Fercell.
1019 2757 1138 2804 Avancius
1157 2772 1216 2805 rere

92 2832 117 2873 et
133 2827 273 2873 Vincentius
292 2827 378 2872 Museo
397 2827 535 2872 Pio-Glem.
549 2825 573 2872 l.
588 2841 643 2887 pag.
658 2824 718 2872 223.
738 2829 773 2872 Μ.
792 2830 889 2872 anulum
905 2829 1041 2887 intelligunt
1058 2841 1089 2873 ex
1106 2828 1174 2873 ferre
1192 2833 1217 2873 et
1292 2875 1295 2882 ,

91 2898 169 2952 lapide
188 2896 311 2942 Caucaseo
330 2897 354 2940 iu
372 2898 483 2953 supplicii
507 2899 650 2942 memoriam
668 2898 806 2943 Promethei
832 2899 907 2956 digito
927 2899 1115 2954 circumdatum,
1146 2911 1215 2956 quem

89 2966 157 3012 Plin.
172 2962 203 3011 37
212 2997 219 3020 ,
239 2964 262 3011 1.
288 2967 539 3025 Hygin.Po'e't.Astr.
555 2966 586 3023 2,
608 2965 649 3013 15.
675 2970 744 3013 Serv.
761 2968 790 3011 ad
803 2969 873 3026 Virg.
884 2965 985 3023 seue,
1006 2965 1049 3012 42.
1070 2972 1214 3013 memorant.

90 3037 123 3081 dt
141 3036 213 3081 nimie
230 3037 333 3082 obscure
353 3038 475 3092 prolecto,
506 3038 551 3082 hec
575 3040 596 3082 si
621 3039 751 3093 voluisset,
781 3040 876 3083 locutus
900 3044 965 3084 esset
983 3038 1110 3094 Calntlns;
1139 3052 1215 3096 aequo

90 3108 155 3153 enim
173 3106 226 3152 iure
245 3107 348 3152 Lenzius
367 3107 569 3162 interpretabatur
585 3110 613 3153 de
632 3122 722 3152 corena
740 3121 770 3153 cx
788 3109 870 3152 salicis
887 3108 1016 3152 viminibus
1036 3113 1134 3163 prepter
1153 3109 1216 3152 idam

89 3176 229 3222 Promethei
249 3179 320 3232 capiti
338 3178 463 3232 imposita,
493 3179 521 3223 de
540 3192 586 3235 qna
604 3179 656 3222 vide
675 3176 833 3234 Apolled.2,
855 3176 868 3222 5
878 3210 885 3232 ,
906 3176 947 3223 11.
1003 3175 1062 3222 3⁰2.
1090 3175 1155 3236 [dri]
1182 3178 1216 3221 ita

91 3247 167 3296 Cedd.
185 3245 273 3303 (llari)
301 3247 365 3303 „Est
382 3262 451 3292 mous
471 3247 573 3303 Cariae,
593 3250 616 3292 in
636 3262 682 3306 que
702 3251 825 3304 complura
844 3254 912 3293 erant
930 3251 982 3292 loca
1000 3249 1090 3292 Dinone
1117 3249 1215 3305 eiusque

90 3319 159 3362 fratri
178 3322 333 3372 consecrata,
355 3323 380 3360 ut
397 3318 536 3373 Brentesio,
557 3318 719 3373 Chrysaoria,
747 3319 895 3363 Euromus.”
913 3319 944 3364 D.
975 3340 1005 3350 -
1034 3317 1094 3362 ldue
1112 3319 1169 3363 Ald.
1189 3315 1214 3363 2.

91 3388 193 3446 (mentia
211 3386 294 3432 [thoni
309 3389 364 3432 Ald.
379 3386 415 3442 1.)
434 3411 467 3422 -
492 3385 614 3448 Hydrea,
634 3389 701 3433 urbis
724 3389 829 3444 Lydiae,
850 3391 911 3434 Stat.
962 3385 1021 3433 305.
1042 3388 1122 3432 niveis
1143 3388 1213 3435 Aldd.

90 3458 160 3514 preb.
175 3459 274 3503 Mitsch.
286 3459 339 3502 stit.
350 3458 449 3502 Laehrn.
495 3455 555 3504 309.
574 3459 653 3503 Locus
670 3461 821 3513 depravatus.
842 3459 911 3503 Nuda
929 3459 1025 3515 quidem
1044 3463 1081 3502 est
1098 3458 1215 3502 Lachesis

91 3529 115 3573 iu
132 3528 311 3584 Dactyliotheca
329 3529 485 3585 Stoechiana;
505 3530 599 3573 cellatis
617 3543 675 3574 vero
692 3530 794 3574 Platone
811 3530 838 3573 de
856 3530 917 3584 llep.
933 3526 963 3573 1⁰
973 3559 979 3581 ‚
1000 3524 1042 3573 16.
1061 3541 1083 3583 p.
1104 3524 1163 3572 617.
1179 3528 1214 3571 St.

91 3594 259 3679 θυγατέρας
274 3594 327 3662 τῆς
343 3592 481 3662 Ἀνάγκης
497 3597 615 3668 Μοίρας
633 3595 900 3663 λευχειμονούσας,
919 3596 1078 3661 στέμματα
1095 3593 1215 3646 ἐπὶτῶν

90 3666 227 3730 termulum
244 3664 389 3728 ἐχούσας,
409 3674 432 3712 et
445 3669 543 3722 Orpheo
556 3671 585 3714 u.
602 3667 649 3724 59,
669 3668 693 3714 7.
713 3668 901 3738 πορφυρέῃσι
913 3664 1126 3731 καλυψάμεναι
1140 3659 1215 3715 ὀθό-

91 3752 160 3808 νῃσι
178 3760 212 3773 -
236 3740 372 3796 colligimus
392 3738 511 3782 Catullum
538 3753 631 3797 quoque
650 3741 736 3784 Parcis
760 3739 875 3784 tribuisse
895 3739 1020 3784 candidam
1038 3742 1146 3791 vestem,
1166 3740 1216 3780 tae-

91 3810 143 3853 nias
167 3822 225 3854 vere
246 3811 282 3854 vel
307 3810 377 3854 etiam
402 3810 523 3866 cingulum
548 3812 661 3866 purpurei
689 3810 790 3854 coloris.
827 3809 864 3857 lb.
885 3813 1004 3868 quaestus
1027 3808 1115 3852 habeut
1136 3807 1213 3850 Codd.

90 3879 148 3937 aliq.
170 3901 198 3911 -
220 3884 321 3937 precetur
338 3880 386 3923 niu
404 3878 464 3922 Cdd.
480 3883 504 3922 et
521 3879 567 3923 Ed.
583 3894 619 3934 pr.
634 3880 658 3924 iu
676 3893 723 3937 quo
742 3880 810 3932 vide,
831 3893 860 3923 nc
881 3881 953 3923 lateat
970 3883 1054 3923 cestus
1072 3877 1146 3935 (qued
1160 3890 1213 3920 vec.

91 3964 138 3993 neu
161 3951 190 3994 de
214 3949 317 3993 Veneris
342 3954 432 3993 tantum
456 3949 552 4007 cingulo
577 3954 713 4006 usurpatur.
735 3963 757 3994 r.
777 3950 898 4004 Forcell.)
917 3949 966 4004 ita,
998 3953 1023 3992 ut
1049 3946 1159 3992 candide
1185 3949 1214 3990 nd

90 4021 248 4075 interceptum
271 4018 335 4064 aliud
359 4019 444 4063 vocab.
471 4020 563 4073 plurale
588 4034 644 4079 gen.
671 4024 749 4066 neutr.
776 4021 798 4063 in
819 4032 890 4063 versu
909 4032 961 4076 seq.
982 4019 1041 4062 eliur
1060 4017 1212 4074 pertinuerit.

91 4089 204 4135 Ceterum
227 4090 309 4133 Astius
335 4089 471 4133 annotavit:
504 4096 640 4148 „quaestus
666 4090 724 4134 nihil
744 4089 788 4134 uisi
809 4102 832 4133 v.
852 4089 928 4132 restis
947 4090 1085 4144 depravatio
1104 4088 1161 4131 mihi
1181 4087 1215 4130 vi-

91 4162 159 4207 detur
178 4171 248 4216 esse3
268 4172 314 4219 que
333 4160 396 4204 euim
415 4164 452 4203 est
469 4160 581 4213 repetitio
601 4161 696 4204 ultimae
716 4160 823 4213 syllabae
842 4159 1007 4214 praecedentis
1027 4157 1172 4216 mundique
1192 4161 1215 4200 et

90 4231 114 4275 iu
132 4235 188 4276 atus
206 4230 289 4274 ultima
307 4230 399 4284 syllaba
416 4243 440 4274 r.
456 4231 533 4274 certis
551 4230 634 4275 latet.”
654 4251 683 4262 -
704 4227 818 4290 Querens
832 4231 873 4274 alii
889 4228 966 4274 Codd.
986 4227 1075 4273 babere
1092 4229 1213 4279 dicuutur,

91 4315 161 4359 quam
179 4305 257 4346 tamen
276 4302 468 4346 emendationem
485 4299 532 4345 sihi
545 4301 647 4346 vindicat
658 4301 761 4347 l'uscus.
775 4301 809 4347 ita
821 4299 891 4345 nidd.
906 4300 980 4345 Voss.
992 4299 1068 4344 Deer.
1089 4320 1123 4333 -
1136 4294 1214 4341 rectia
