2782 4762
104 377 173 440 ‘lam
199 376 315 440 medias
339 377 495 461 aliamque
513 375 652 452 tamem,
678 397 774 460 quom
798 378 907 458 pulmo
931 377 1071 441 Falerno

107 480 262 544 Arderet.
306 480 395 543 Nulli
419 478 521 543 maior
543 477 602 542 tuit
624 499 699 542 usus
721 479 835 564 edendi

102 585 314 664 'Tempestate
339 603 419 644 mea.
465 581 589 647 Circeis
609 593 685 643 nata
707 580 835 656 forent,
861 603 900 644 an

108 684 286 748 Lucrinum
310 686 348 746 ad
371 705 482 767 santun
506 683 715 765 Rutup'nove
758 683 820 771 dita
842 683 943 746 fundo

111 788 248 863 Ostrea,
275 760 538 868 catsii‘al'pii'm
562 705 890 868 deiffitffl'morsu

110 891 155 951 Et
178 890 275 952 semel
298 888 438 969 adspecti
460 888 533 950 litus
557 886 680 950 dicebat
702 887 819 950 echini.

111 990 261 1075 Surgitur
284 1002 315 1052 et
337 991 434 1054 misso
457 1009 611 1072 proceres
634 989 721 1053 exire
743 991 893 1054 iubentur

105 1091 286 1169 Concilio,
312 1114 394 1177 quos
417 1093 576 1155 Albanum
600 1094 664 1153 dux
686 1114 817 1177 magnus
840 1093 871 1156 in
895 1113 998 1157 arcem

114 1197 274 1258 Traxerat
297 1194 450 1258 attonitos
474 1206 505 1256 et
526 1195 674 1257 festinare
697 1206 848 1270 coactos,

113 1299 289 1381 Tamquam
313 1301 351 1360 de
375 1296 479 1360 Cattis
502 1296 624 1379 aliquid
644 1296 814 1380 torvisque
838 1296 1013 1360 Sicambris

111 1397 282 1473 Dicturus3
307 1411 464 1481 tamquam
488 1397 624 1460 diversis
646 1398 791 1478 partibus
816 1398 906 1463 orbis

114 1501 221 1577 Annia
244 1500 412 1583 praecipiti
435 1500 573 1564 venisset
596 1500 733 1580 epistola
755 1522 872 1582 penna.

113 1603 224 1685 Atque
248 1603 363 1665 utinam
387 1602 435 1664 his
454 1602 561 1685 potius
581 1603 676 1686 *uirgis
699 1614 765 1666 tota
788 1604 842 1666 illa
866 1604 1003 1667 dedisset
1095 1621 1097 1626 ’

115 1708 279 1787 Tempora
302 1704 473 1779 saevitiae,
498 1706 600 1766 claras
622 1705 739 1788 quibus
763 1706 892 1768 abstulit
914 1706 986 1769 urbi

111 1806 324 1890 ¹Illustresque
347 1806 464 1868 animas
486 1807 613 1888 impune
636 1819 666 1868 et
691 1807 814 1870 vindice
837 1809 943 1872 nu'llo!

116 1909 178 1970 Sed
200 1908 311 1989 periit,
337 1919 507 1990 postquam
530 1908 724 1971 cerdonibus
748 1930 818 1971 esse
841 1909 994 1973 timendus

109 2009 296 2092 :Coeperat3
319 2010 383 2073 hoe
405 2008 514 2073 nocuit
537 2009 718 2071 Lamiarum
743 2013 838 2074 caede
862 2011 1008 2074 madenti.

1140 2028 1230 2226 ai*

471 2196 647 2260 SATIRA
670 2195 880 2271 OCTAVA.
1187 2206 1195 2241 l

159 2316 429 2402 Stemmata-quid
450 2315 592 2378 faciunt?
615 2317 690 2400 quaid
711 2319 864 2398 prodest,
889 2318 1043 2392 Pontice,
1068 2319 1168 2402 longo

117 2417 278 2501 Sanguine
300 2418 439 2493 censeri,
464 2417 569 2499 pictos
593 2422 760 2482 ostendere
784 2420 890 2483 voltus

117 2521 279 2582 Malorum
304 2507 474 2582 etstantes
497 2519 528 2582 iu
551 2521 697 2583 cruribus
720 2521 916 2584 Aemilianos

112 2623 160 2684 Et
179 2620 303 2685 2Curios
325 2620 384 2682 iam
409 2620 556 2685 dimidios
579 2624 776 2705 humeroque
800 2623 956 2686 minorem

113 2721 297 2787 Cerrinium
320 2733 351 2785 et
374 2723 509 2784 Galbam
533 2721 679 2784 auriculis
701 2743 844 2852 nasoppp
866 2723 1050 2786 carentem?
1217 2727 1236 2787 5

39 2826 41 2830 ’
118 2822 198 2904 Quis
221 2823 345 2886 lrttctue
368 2825 495 2913 generis
517 2824 623 2885 tabula
646 2823 764 2885 iactare
781 2800 896 2904 -capici

111 2925 317 3001 'Cor-vinum,
341 2905 479 3007 poetilio
501 2924 597 2986 multa
619 2924 805 3035 opntiugere
829 2926 920 3010 virga

666 3018 721 3044 ,

118 3107 191 3150 Web.
213 3130 245 3140 -
263 3105 502 3152 coneilioBCDEF.
522 3107 584 3161 Rup.
631 3106 694 3149 Tum
712 3106 786 3151 AG.;
807 3105 960 3166 Sigambrie.
1001 3104 1152 3153 tttscette
1169 3112 1238 3154 inulti

120 3174 180 3219 Cod.
203 3197 232 3206 -
252 3173 341 3220 Gettte
360 3189 443 3220 ornnes
463 3176 519 3219 mei.
540 3199 573 3208 -
594 3169 673 3218 Cattis
693 3173 803 3220 firmatur
833 3191 847 3220 a
871 3178 952 3224 Schol.
974 3177 1144 3237 -·tortieque
1171 3182 1234 3224 coni.

118 3246 212 3288 vallae.
260 3242 318 3289 tte.
339 3251 465 3304 tamquam
483 3250 507 3288 et
524 3243 633 3288 diuortia
653 3245 725 3289 Web.
747 3251 829 3289 contra
848 3251 938 3301 septem
956 3259 1033 3291 meos.
1078 3245 1137 3293 tlt.
1156 3263 1239 3305 pennu

119 3312 208 3357 Omnes
227 3315 283 3357 mei.
306 3335 335 3345 -
351 3314 434 3371 pinno
452 3314 514 3368 Rup.
534 3327 557 3356 v.
579 3314 655 3356 lland.
676 3315 705 3356 acl
719 3314 802 3359 'Gron.
821 3314 901 3360 Diale.
921 3315 940 3358 l.
962 3328 984 3369 p.
1006 3312 1066 3360 tat.
1112 3315 1170 3367 153.
1189 3318 1239 3361 Do-

118 3383 208 3426 mitiani
240 3382 409 3427 interfectores
436 3382 545 3427 homiues
572 3381 646 3426 infimi
679 3385 775 3439 generis
805 3385 909 3429 fuerunt.
941 3398 963 3428 v.
999 3384 1066 3429 Suet.
1092 3386 1162 3430 Dom.
1196 3385 1238 3432 17.

120 3448 178 3495 tat.
209 3448 448 3562 AeliumoLumiam
474 3452 626 3496 nobilissimo
653 3463 740 3508 genere
765 3457 844 3497 ortum
873 3454 1023 3498 Domitianus
1054 3455 1182 3499 occiderat.
1213 3469 1237 3502 v.

118 3519 185 3563 Suet.
204 3519 276 3564 Dom.
300 3521 310 3562 1
334 3547 340 3562 .

535 3609 651 3670 salina
677 3626 819 3670 ornava,

191 3720 213 3767 t.
233 3720 353 3766 Ponticae
371 3723 441 3766 uobis
459 3723 506 3766 iam
524 3725 629 3783 ignotus.
668 3722 692 3766 2.
710 3723 792 3780 pictos
811 3722 947 3767 ABCDFG.
967 3723 1038 3778 prob.
1059 3724 1144 3781 Pinzg.
1164 3747 1197 3760 -
1216 3732 1240 3768 et

117 3789 200 3845 pieton
218 3790 248 3834 E.
283 3814 307 3824 -
327 3790 457 3849 pictorque
475 3792 537 3847 nup.
557 3794 630 3837 Web.
680 3791 704 3838 l.
735 3789 883 3850 bilinamque
908 3793 968 3836 Cod.
995 3792 1118 3836 Chemnic.
1141 3791 1239 3837 firmans

119 3857 211 3900 Prateii
228 3860 291 3904 coni.
311 3872 356 3914 pro
377 3857 542 3919 duaueroaque
560 3876 594 3906 m.
614 3861 674 3916 Rup.
699 3860 771 3904 weh.
792 3858 914 3914 ‚,dumero
931 3861 1013 3904 aninor
1035 3865 1087 3914 est,
1108 3863 1148 3918 qui
1160 3865 1238 3907 altero

120 3927 220 3968 humero
238 3932 304 3970 caret
327 3941 348 3970 s.
371 3928 437 3972 euius
457 3931 519 3974 alter
540 3930 653 3975 humerus
669 3931 790 3974 mutilatus
809 3934 854 3974 est.
901 3928 1025 3974 Hutueroe
1044 3929 1126 3974 minor
1145 3945 1174 3975 ne
1193 3946 1240 3976 oon

119 3992 254 4052 significare
274 3997 366 4049 possit:
387 3998 491 4042 mutilus
509 3997 635 4053 humeris,
663 4005 688 4043 ut
705 4000 803 4043 voluere
822 3999 944 4054 interpp,
965 4011 1109 4057 magnopere
1128 4003 1241 4047 vereor.”

97 4124 99 4128 Α
119 4064 229 4122 Pinzg.'
254 4065 304 4108 Mei
329 4078 412 4110 omnes
440 4080 566 4122 perperam
591 4071 628 4112 stc
656 4069 760 4112 habent:
793 4080 930 4126 nantemque
953 4068 1076 4111 minorem
1100 4065 1201 4114 Corvini
1218 4077 1242 4114 et

119 4131 227 4177 Galbam
245 4133 370 4177 auriculis
388 4147 498 4194 neroque
517 4143 652 4181 carentem.
697 4135 720 4180 7.
741 4136 872 4180 Peositatts
893 4137 1021 4192 omnibus,
1048 4152 1107 4196 quae
1129 4141 1157 4184 tle
1172 4139 1195 4183 lt.
1215 4154 1238 4183 v.

110 4203 270 4258 disputarunt
287 4204 371 4262 Pinzg.
392 4209 416 4248 et
433 4205 522 4259 Web,‚
555 4207 625 4250 huius
646 4206 778 4250 sententiae
800 4208 903 4258 accedo,
923 4212 994 4264 -quod
1015 4209 1044 4250 ad
1063 4222 1087 4252 v.
1107 4204 1240 4253 Corvinum

119 4284 172 4313 cunr
185 4273 213 4315 ui
224 4274 359 4328 -eepetitum
372 4274 474 4327 attinet,
496 4279 584 4318 etcum
602 4277 644 4319 allo
662 4289 685 4319 v.
706 4275 853 4334 contingere
872 4277 930 4320 satis
948 4275 1067 4320 firmatum
1079 4291 1093 4320 a
1112 4276 1157 4321 Cd.
1178 4276 1239 4321 Che·
