2782 4762
203 378 290 446 Vitis
313 401 421 444 amans
443 378 557 443 fundat
578 376 708 442 brachia
730 377 816 441 lenta
839 398 949 459 snper.

139 483 234 549 Hace
255 483 366 546 merita
390 494 437 546 est
451 482 594 570 ,facunda
611 480 678 545 'viri
701 479 852 561 sapientia
863 518 876 555 ‚·
896 481 990 545 nuella

205 588 297 669 Quae
319 586 468 652 redolens
480 582 607 648 'Musas
630 584 753 648 miscuit
775 594 806 645 et
828 585 985 658 Veneres.

678 769 732 842 45.

139 892 221 957 Flos
244 901 370 966 vatum,
396 890 595 972 Sophocles,
619 890 805 952 canentibus
828 887 945 953 occidis
968 887 1080 968 annis,

202 995 289 1060 Dum
310 992 442 1079 stringit
463 993 575 1058 fauces
597 1013 661 1056 uva
682 1006 822 1058 eoincsta
844 1004 928 1057 tuas.

676 1178 730 1242 tt.
766 1215 770 1221 ·

140 1303 170 1369 0
194 1299 249 1387 qui
271 1297 400 1366 Pieriae
423 1296 589 1373 thalamis,
614 1297 790 1380 Euripide,
814 1300 905 1364 vallis

202 1405 279 1467 Nou
302 1414 462 1466 cessatura
484 1412 579 1466 noete
602 1401 758 1485 quiescis,
783 1423 855 1466 ave.

138 1507 216 1572 Hoc
237 1508 297 1568 sub
319 1507 416 1569 hurino
440 1514 471 1567 te
494 1503 576 1566 seire
599 1503 713 1581 velim,
737 1504 794 1567 tihi
816 1526 953 1587 surgere
976 1505 1083 1570 laudes

202 1610 400 1693 Perpetuus,
424 1618 557 1691 qttantas
580 1614 712 1693 magnus
735 1609 898 1671 Homerus
921 1609 1027 1673 habet.
1052 1653 1054 1658 -

677 1793 731 1857 48.

138 1915 259 1981 Flenda
282 1912 409 1998 quidem
432 1914 564 1977 multum
586 1924 639 1976 tua
662 1935 768 1989 mors,
793 1913 968 1997 Euripide,
994 1916 1081 1998 quod
1103 1925 1135 1978 te

202 2019 284 2081 Esse
307 2018 401 2101 lupos
423 2015 511 2081 soliti
533 2017 714 2079 dissecuere
736 2038 850 2092 canes,

138 2117 324 2182 Lusciniam
346 2140 497 2193 scaenae,
522 2141 670 2202 magnum
694 2122 788 2182 decus
813 2117 1011 2196 Erechthei,

173 2280 176 2287 .
202 2222 266 2301 Qui
288 2220 433 2303 sophiam
457 2222 613 2304 'l'ragieas
636 2220 745 2284 adiit-is
769 2224 808 2283 ad
830 2223 990 2284 Veneres.

138 2323 186 2387 At
208 2325 360 2387 tumultun
384 2323 442 2386 tibi
466 2325 556 2387 Pella
579 2325 686 2398 dedit,
711 2325 881 2408 cultorque
904 2324 1005 2388 fidelis

199 2426 364 2490 Pieridum
386 2426 504 2504 coleris
526 2447 610 2490 utine
631 2448 735 2511 prope
759 2426 917 2492 Pieridas.

593 2675 596 2679 .
676 2614 729 2678 49.

138 2731 273 2796 Graecia
296 2743 413 2817 quiante
436 2744 543 2816 patet,
568 2745 803 2798 monumentum
826 2734 1011 2815 Euripidis:
1040 2752 1114 2799 ossa

200 2836 306 2898 Terra
325 2837 408 2919 legit
431 2839 612 2912 Maeetdrn,
638 2849 723 2899 terra
746 2858 893 2918 suprema
920 2837 1003 2901 viro.
1037 2844 1040 2850 ’

136 2936 248 3001 Patria
271 2959 353 3022 quiae
375 2939 511 3002 Graecis
534 2939 636 3020 patria
660 2949 707 3001 est
728 2938 928 3014 eommunis,
953 2941 1121 3005 Athenaet
1149 2974 1152 2980 ¹
1217 2930 1219 2934 ’
1272 2930 1280 2936 ’

198 3040 296 3103 Meua
319 3040 385 3104 eius
408 3040 545 3123 placuit;
570 3040 637 3104 lauis
659 3039 727 3105 siue
753 3041 816 3106 fine
837 3053 955 3106 manet.

674 3228 729 3292 50.

134 3345 210 3411 Nou
234 3357 436 3411 monumenta
458 3357 511 3410 tua
534 3348 630 3444 haec,
656 3346 831 3432 Euripide,
856 3360 891 3414 tu
913 3351 1016 3436 magis
1037 3350 1136 3436 ipsis:

143 3497 146 3501 >
198 3449 343 3533 Namque
365 3471 384 3513 a
407 3460 437 3513 te
460 3450 582 3516 tumulo
606 3449 741 3516 maxima
763 3452 849 3518 sama
873 3455 970 3520 veuit.

672 3641 727 3705 54.

131 3755 209 3821 Non
233 3754 346 3819 mortis
367 3755 427 3821 tibi
449 3778 545 3821 causa
567 3779 680 3837 canes,
704 3759 879 3843 Euripida,
903 3762 961 3825 sed
983 3781 1043 3825 nee

195 3857 382 3936 Femineus,
407 3862 571 3924 Venerem
593 3863 666 3924 deam
689 3863 776 3946 fugis
798 3865 887 3945 ipse,
911 3863 1022 3929 furor.

132 3959 292 4022 Subduxit
315 3960 404 4023 senio
427 3975 458 4024 te
482 3984 587 4026 mors:
614 3967 774 4027 Arethusa
799 3965 1005 4046 sepulchrum

194 4062 372 4125 Praebuit:
394 4063 537 4129 immensi
558 4066 681 4130 fecerat
704 4068 898 4130 Archeleos.

130 4164 202 4226 Nec
224 4175 295 4225 ttius
319 4164 369 4226 hic
393 4167 530 4228 tumulus
552 4189 601 4229 me
625 4166 747 4243 iudice,
771 4172 827 4231 sed
849 4190 940 4232 saera
963 4171 1095 4237 Baccho

194 4265 306 4328 Vestis
329 4277 361 4331 et
382 4266 412 4329 in
435 4253 551 4332 scaena
573 4279 697 4353 tempus
721 4269 754 4334 in
776 4291 869 4336 omne
892 4271 1001 4337 favor.
1105 4284 1107 4289 ’

1238 4175 1258 4236 5
