2782 4762
173 185 236 251 262

173 342 323 421 Vindex,
346 340 399 406 ille
419 337 504 417 lori,
528 338 633 424 legum
655 334 797 423 iurisque
818 347 982 425 togaeque

172 446 308 513 Publica
331 465 398 510 vox
418 442 523 508 saevis
545 454 707 507 aeternum
730 442 888 506 obmutuit
909 441 1020 507 armis.

173 548 336 614 lniormes
358 547 466 612 voltus
488 564 695 628 sparsamque
717 564 833 609 eruore
855 545 995 609 nefando

173 649 331 717 Canitiem
353 669 525 732 sacrasque
546 669 656 711 manus
679 668 878 731 operumque
900 645 1060 717 ministras

173 755 353 817 Tantorum
376 752 512 835 pedibus
534 750 613 815 civis
636 749 778 832 proiecta
801 748 947 831 srrperhis

172 854 384 939 Proculcauit
405 875 506 920 ovans
527 874 587 917 nec
608 851 730 916 luhrica
753 851 818 916 fata
840 854 982 936 deosque

172 956 344 1040 Respexit.
388 956 488 1021 Nullo
510 957 575 1020 luet
597 957 661 1020 hoc
681 953 843 1018 Antonius
866 976 962 1020 aevo.

171 1061 250 1126 Hoc
271 1081 331 1124 nec
352 1059 384 1122 in
406 1058 558 1122 Emathio
581 1057 663 1121 mitis
686 1056 822 1122 victoria
846 1059 967 1136 Perse,

172 1164 314 1240 Necte,
339 1161 408 1225 dire
430 1162 584 1243 Syphax,
608 1181 672 1225 non
694 1158 772 1222 lecit
793 1160 826 1223 in
848 1162 940 1226 hoste
962 1159 1140 1246 Philippoa

172 1265 495 1348 Inquetriunaphato
516 1261 652 1325 ludibria
675 1274 786 1324 cuncta
809 1263 964 1347 Iugurtha

172 1366 361 1441 Abluerunt
382 1375 577 1449 nostraeque
599 1367 716 1427 cadens
737 1365 826 1427 serus
848 1365 1008 1429 Hannibal
1029 1365 1096 1430 irae

172 1469 326 1534 Membra
348 1478 454 1532 tamen
476 1467 603 1551 Stygias
626 1467 697 1529 tulit
719 1465 871 1532 inviolata
893 1470 953 1531 sub
976 1470 1118 1533 umbras.
1260 1469 1303 1533 25

235 1666 320 1731 ΧΠ.
365 1665 407 1730 In
429 1661 608 1728 Tiberium
630 1665 827 1728 Caesarem.
872 1663 1021 1744 (Anthol.
1042 1622 1144 1727 [λλ.
1170 1663 1239 1743 73.)

174 1801 317 1885 Adspice
338 1801 465 1867 felicem
487 1802 567 1878 sibi,
592 1823 656 1867 non
677 1801 754 1879 tihi,
780 1803 937 1879 Romule,
962 1803 1106 1882 Sullam,

237 1908 283 1971 Et
304 1904 518 1983 Marium,.si
541 1905 606 1979 vis,
633 1904 778 1986 adspice,
802 1907 859 1967 sed
880 1907 1043 1970 reducem.

174 2009 247 2075 Nec
268 2029 332 2071 non
356 2007 480 2072 Antoni
503 2006 609 2071 civilia
632 2008 716 2070 bella
740 2006 915 2084 moventis,

238 2113 311 2175 Nec
333 2110 430 2173 semel
451 2108 584 2173 iniectas
607 2109 854 2192 adspicecaedc
877 2129 1005 2173 manusc

175 2213 220 2280 Et
241 2211 311 2288 dic,
336 2214 442 2277 Roma
464 2211 563 2294 perit;
587 2212 735 2295 regnabit
756 2211 908 2296 sanguine
930 2211 1050 2291 multo,
1282 2212 1304 2277 5

238 2317 294 2380 Ad
315 2336 450 2400 regnum
472 2314 615 2400 quisquis
638 2313 727 2378 venit
749 2315 788 2378 ah
811 2312 922 2378 exilio.

238 2513 341 2580 ΧΙΙΙ.
386 2509 584 2574 Germanici
605 2511 766 2574 Caesaris
787 2510 835 2572 ad
854 2509 1017 2575 Hectoris
1044 2512 1231 2574 tumulum.

549 2613 700 2692 (Antlrol.
724 2615 768 2675 L.
792 2613 824 2677 1.
849 2614 938 2693 103.)

174 2752 296 2821 Martia
319 2753 512 2838 progenies,
537 2749 684 2829 Hector,
709 2785 750 2795 -
772 2751 885 2814 tellure
907 2754 966 2816 suh
988 2751 1051 2817 ima

238 2859 302 2924 Fas
324 2856 434 2919 audire
456 2868 560 2919 tamen
582 2855 609 2919 si
632 2877 697 2918 mea
722 2855 820 2917 verba
844 2854 900 2917 tibi
918 2890 960 2905 -
1109 2852 1111 2857 ’

174 2960 335 3041 Respira,
361 2959 509 3043 quoniam
534 2959 651 3022 vindex
674 2957 732 3022 tihi
754 2956 890 3040 contigit
912 2959 1025 3036 heres,

242 3061 305 3141 Qui
328 3061 448 3143 patriae
471 3061 584 3124 lamam
607 3059 754 3142 proferat
776 3081 877 3145 usque
900 3071 985 3125 tuae.

161 3163 257 3230 -Ilios
280 3183 319 3225 en
341 3165 444 3245 surgit
466 3183 592 3225 rursum
615 3161 739 3236 inclita3
764 3183 841 3246 gens
865 3160 941 3226 colit
962 3161 1066 3241 illam,
1281 3169 1303 3233 5

241 3266 291 3327 Te
314 3266 423 3328 Marte
447 3262 600 3341 inferior,
625 3264 744 3327 Martis
768 3261 866 3326 amira
889 3275 1007 3330 tamen.

176 3366 399 3451 Myrmidonas
421 3365 555 3449 periisse
578 3387 688 3430 omnes
711 3366 778 3443 dic,
804 3370 949 3446 Hector,
973 3367 1111 3448 Achilli,

241 3469 440 3536 Thessaliam
464 3479 497 3533 et
519 3467 642 3553 magnis
666 3490 734 3533 esse
756 3472 816 3534 suh
838 3472 1014 3538 Aeneadis.

246 3698 316 3749 xlll.
337 3696 361 3743 l.
377 3695 504 3759 proferet]
522 3699 586 3744 Pilh.
606 3700 689 3744 lleins.
706 3697 840 3761 praeferat
857 3704 940 3749 Burin.
979 3703 1092 3748 Ceterum
1110 3714 1304 3755 conversumeat

178 3771 208 3817 ab
226 3771 287 3817 llalo
299 3771 410 3831 aliquod,
430 3775 455 3814 nt
473 3774 547 3824 puto,
568 3782 597 3813 ex
615 3769 773 3828 Authologiae
791 3773 870 3821 Palat.
890 3774 921 3824 Τ,
942 3769 967 3820 2.
987 3787 1012 3830 p.
1035 3770 1093 3822 138.
1112 3774 1144 3821 N.
1166 3771 1227 3823 387.

244 3907 367 3982 Ἕκτορ,
385 3906 499 3984 Ἀρήϊον
516 3904 610 3978 αἷμα,
630 3910 707 3963 κατὰ
723 3909 835 3975 χθονὸς
851 3911 882 3965 ri
896 3927 953 3967 που
972 3909 1111 3981 ἀκούεις,

316 3982 410 4054 Χαῖρε
427 3981 479 4032 καλ
495 3974 669 4047 ἅμπνευσον
685 3979 776 4043 βαιὸν
792 3976 866 4055 ὑπὲρ
884 3983 1032 4054 πατρίδος.

241 4041 334 4104 Ἴλιον
352 4054 477 4105 οἰκεῖται
495 4047 594 4115 κλεινὴ
613 4048 717 4113 πόλις,
736 4044 846 4122 ἄνδρας
864 4045 980 4116 ἔχουσα

316 4118 376 4169 Σοῦ
395 4118 450 4187 μὲν
467 4115 552 4186 α’φαυ
573 4121 714 4190 orionus,
734 4115 794 4169 ἀλλ’
814 4115 855 4171 ἔτ’
876 4119 1064 4194 ἀρηϊφίλους.

246 4184 434 4258 Μυρμιδόνες
450 4185 475 4238 d'
493 4135 652 4241 uindicare.
688 4188 864 4260 Παρὶστασο
881 4193 933 4243 καὶ
951 4187 1009 4258 λέγ’
1027 4189 1146 4258 Ἀχιλλεῖ

315 4255 484 4325 Θεσσαλίην
501 4259 620 4316 κεῖσθαι
637 4256 737 4314 πᾶσαν
755 4253 805 4315 da'
819 4256 984 4329 Αἰνεάόαις.
