2782 4762
126 189 167 251 20

126 349 217 413 Unde
237 344 331 409 etiam
353 343 468 408 fluidas
489 343 635 408 frondeis
656 355 687 407 et
708 345 825 426 pabula
847 343 928 406 laeta

126 448 325 533 Montivago
351 447 460 533 generi
482 446 587 530 possit
606 447 763 529 praebere
785 447 945 510 ferarum:

127 554 236 634 Quare
262 573 376 636 magna
400 554 492 614 detlm
514 561 614 613 mater
635 561 798 635 materque
821 549 960 612 serarum

127 658 170 719 Et
193 654 298 720 nostri
320 652 468 739 genetrix
490 654 569 715 haec
594 652 709 716 dictast
731 650 882 734 corporis
902 671 974 712 una.

190 754 285 822 H'anc
308 768 433 821 veteres
454 754 586 819 Graitlm
611 755 718 820 doctei
741 753 886 818 cecinere
905 754 1021 834 poe'tae

129 861 263 924 Sedibus
285 859 316 923 in
339 881 436 922 curru
458 856 590 942 biiugos
609 857 731 942 agitare
753 857 879 930 lennes3

129 961 229 1026 Ae'ris
248 962 281 1024 in
303 960 407 1044 spatio
430 982 574 1046 magnam
592 963 734 1044 ¹pendere
757 962 907 1022 docentes

91 1062 95 1067 ’
132 1066 295 1129 Tellurem
318 1085 420 1149 neque
442 1063 592 1146 possein
615 1074 702 1126 terra
724 1061 834 1125 sistere
854 1072 986 1123 terram.

131 1167 318 1232 Adiunxere
342 1167 447 1241 seras;
470 1169 558 1252 quod
579 1164 724 1250 quamvis
747 1167 844 1227 effera
865 1162 974 1248 proles

131 1269 257 1336 Officiis
281 1271 375 1334 debet
399 1267 520 1333 molliri
543 1267 630 1331 victa
652 1278 838 1350 parentum:

131 1370 319 1458 Muralique
342 1383 438 1454 caput
457 1393 611 1434 summum
635 1370 764 1433 cinxere
786 1391 926 1442 coronn3

133 1474 271 1539 Eximiis
291 1473 411 1536 munita
432 1473 515 1538 locis
534 1476 622 1558 quod
643 1472 775 1536 sustinet
797 1471 926 1535 urbeis:

133 1577 209 1658 Quo
232 1598 315 1640 nunc
337 1575 454 1661 insigni
473 1597 532 1659 per
552 1597 682 1659 magnas
704 1574 848 1658 praedita
873 1585 975 1636 terras

133 1678 302 1744 Horrifice
324 1679 428 1742 fertur
451 1678 577 1742 divinae
599 1677 719 1742 Matris
741 1678 863 1762 imago.

133 1785 228 1846 Hanc
252 1780 360 1845 variae
384 1792 494 1866 gentes
518 1781 649 1867 antiquo
674 1803 764 1845 more
787 1801 952 1844 sacrorum

133 1886 261 1949 Idaeam
284 1882 428 1948 vocitant
453 1895 584 1947 matrem
606 1883 833 1970 Phrygiasque
857 1895 1001 1947 catervas

134 1988 222 2051 Dant
244 1986 396 2063 comites,
420 1985 494 2071 quia
517 1986 655 2069 primum
676 2007 718 2049 ex
741 1986 815 2050 ollis
835 1986 952 2049 finibus
974 1989 1069 2048 edunt

136 2092 202 2154 Per
222 2100 382 2153 terrarum
403 2091 515 2152 orbem
539 2088 650 2172 fruges
673 2088 819 2171 coepisse
842 2088 958 2152 creari.

137 2191 250 2256 Gallos
272 2190 465 2254 attribuunt:
490 2191 580 2275 quia,
603 2212 717 2254 numen
741 2192 814 2276 quei
836 2190 992 2255 violarint
1194 2191 1254 2252 alo

136 2293 257 2358 Matris
280 2304 311 2356 et
329 2292 468 2377 ingratei
490 2292 692 2378 genitoribus
716 2292 856 2357 inventei
877 2291 954 2366 siut,

139 2394 330 2480 significare
354 2394 638 2480 voluntindignos
660 2417 728 2459 esse
752 2399 927 2479 putandos,

138 2498 259 2563 Vivam
277 2497 466 2583 progeniem
491 2497 565 2582 quei
585 2497 619 2561 in
643 2520 717 2562 oras
738 2497 865 2561 luminis
885 2502 991 2562 edant.

194 2669 253 2719 6⁰2.
272 2672 405 2733 sublimem
422 2674 451 2717 L'.
480 2697 512 2706 —
544 2672 646 2718 aedibus
669 2676 696 2719 in
714 2675 817 2731 superis
835 2675 913 2719 Beutl.
932 2676 1012 2719 Varro
1037 2673 1090 2717 Lib.
1114 2671 1155 2718 16.
1177 2687 1258 2718 rerum

140 2738 241 2788 divinar.
255 2743 343 2802 fragia.
358 2758 381 2799 p.
401 2740 460 2788 220.
480 2744 534 2798 Bip.
559 2741 673 2787 Eandem
691 2743 778 2787 dicunt
793 2741 903 2787 Murram
922 2757 1059 2804 teregnum,
1078 2743 1143 2802 quod
1159 2749 1259 2802 tympa-

139 2826 199 2856 num
217 2811 323 2867 tabeat,
354 2811 502 2875 significari
524 2826 580 2857 esse
598 2813 681 2857 orbem
687 2826 699 2867 ‚⁶
721 2812 787 2872 quod
803 2819 887 2858 turrea
905 2813 932 2857 in
951 2814 1047 2871 cupite,
1067 2812 1177 2872 oppid05
1195 2811 1261 2872 quod

140 2881 213 2926 sedes
224 2881 362 2944 fingantur
380 2880 451 2926 circu
470 2896 543 2937 eam,
561 2896 635 2941 quum
648 2883 733 2927 omnic
746 2889 904 2938 moveantur,
924 2896 975 2928 non
989 2885 1104 2936 moreri;
1123 2883 1162 2926 ubi
1176 2883 1259 2941 Zoe'ga

140 2953 291 2997 Bassia-illesi
303 2953 324 2996 1.
339 2966 363 3007 p.
377 2949 418 2997 93.
438 2953 562 2997 ernendat:
584 2951 649 3012 quod
665 2951 756 2998 sedens
767 2951 887 3015 fingatur
895 2984 902 3007 ,
924 2953 1064 2996 circaeam
1077 2954 1258 3012 quumomna'c.

141 3022 202 3066 Cdd.
221 3021 306 3080 (etiam
318 3022 437 3075 meorum)
465 3023 591 3066 lectionem
618 3026 683 3067 recte
710 3024 745 3068 sic
772 3025 884 3078 explanat
905 3022 998 3067 Foro:
1027 3023 1074 3077 ,E
1094 3022 1190 3066 sedibus
1209 3021 1259 3065 suis

141 3089 246 3148 (poetice
265 3104 309 3145 pro
328 3093 383 3135 sede
403 3090 455 3145 sua)
474 3091 498 3135 in
520 3106 592 3136 curru
600 3123 607 3145 ,
627 3093 644 3136 i.
663 3106 685 3136 e.
705 3094 790 3137 sedens
806 3093 829 3137 in
850 3093 949 3139 curru.”
991 3089 1050 3138 614.
1068 3091 1153 3135 orbem
1169 3090 1257 3135 ΟΜ..

142 3163 170 3205 A.
184 3161 243 3204 Har.
265 3184 298 3194 -
315 3160 399 3204 orbeis
418 3161 667 3205 exaliistd.Wak.
683 3163 712 3207 F.
742 3163 804 3216 Sed,
819 3167 844 3205 ut
855 3176 916 3206 nuuc
929 3162 1013 3216 rideo,
1033 3177 1045 3205 e
1062 3157 1258 3215 locis2,1075.

142 3232 244 3274 necesse
262 3234 301 3273 eet
317 3227 452 3291 confiteare
468 3227 533 3274 Esse
543 3231 609 3275 alios
622 3231 818 3275 altisterrcrum
833 3232 860 3275 in
871 3231 990 3289 portibus
1004 3231 1088 3275 orbate
1100 3235 1124 3275 et
1137 3230 1166 3285 5,
1183 3226 1259 3274 1345.

142 3305 270 3353 terrarum
294 3299 401 3357 quolibet
424 3299 481 3343 orbi
503 3299 528 3344 h.
547 3301 563 3344 l.
584 3313 698 3344 numerus
714 3302 776 3355 plur.
800 3301 893 3344 defendi
914 3301 1010 3359 nequit,
1036 3300 1162 3357 utrobique
1187 3313 1260 3357 quum

144 3381 225 3414 sermo
251 3369 284 3412 sit
310 3370 338 3414 de
363 3369 436 3413 variis
455 3369 543 3430 terris,
573 3383 588 3411 a
606 3370 696 3413 nostris
715 3371 830 3422 diversis,
862 3384 905 3425 per
923 3371 1059 3416 universum
1077 3370 1185 3427 sparsis;
1215 3370 1261 3412 boc

83 3491 86 3496 ι
143 3443 222 3482 autem
240 3438 294 3482 loco
314 3440 342 3483 de
361 3443 443 3483 nostra
461 3441 583 3483 dumtaxat
601 3443 676 3483 terra.
713 3440 780 3498 Ergo
800 3441 847 3498 leg.
867 3439 950 3484 orbem
965 3442 1001 3485 vel
1021 3442 1107 3494 etiam,
1136 3440 1198 3497 quod
1216 3439 1261 3482 ali-

143 3508 237 3566 quando
254 3507 312 3552 mihi
331 3510 355 3552 in
375 3513 480 3553 mentem
503 3513 616 3563 venerat,
647 3522 723 3564 orca,
755 3513 780 3552 ut
799 3506 829 3562 4,
849 3507 909 3558 216.
968 3510 996 3554 t'n
1020 3516 1146 3554 terrarum
1168 3506 1264 3552 eccidit

143 3591 214 3623 orus.
254 3574 312 3622 624.
331 3579 423 3628 (metue
441 3579 498 3637 quei
516 3577 570 3632 W.)
599 3579 696 3622 Amicus
715 3580 774 3623 llav.
791 3579 885 3624 volebat
900 3580 1007 3624 numini.
1039 3580 1143 3636 Uterque
1163 3579 1261 3623 criticus

144 3648 198 3693 scil.
224 3647 300 3691 haesit
324 3648 348 3691 in
376 3648 462 3704 duplici
483 3647 605 3703 ablativo,
638 3650 678 3705 qui
697 3650 731 3694 sic
753 3649 912 3703 expediendus
932 3654 982 3694 est:
1014 3662 1095 3706 „quae
1114 3662 1156 3704 per
1174 3661 1262 3692 numen

145 3720 214 3762 divae
233 3717 327 3772 possint
341 3722 439 3772 pectora
456 3718 520 3776 vulgi
539 3723 677 3763 conterrere
698 3719 789 3764 metu.''
834 3716 893 3763 626.
913 3716 1071 3775 (marrow.)
1095 3718 1126 3762 Et
1141 3719 1176 3762 sie
1195 3717 1226 3762 E.
1247 3731 1263 3760 a

144 3801 184 3842 pr.
198 3800 232 3830 m.
270 3783 330 3832 ⁶27.
349 3787 398 3830 iter
414 3800 485 3831 omne
503 3785 612 3846 riarum]
632 3789 671 3833 Sic
685 3789 761 3834 Turn.
775 3788 804 3833 Ι..
820 3791 891 3846 Seqq.
910 3807 945 3824 -
962 3789 1011 3833 iter
1026 3787 1111 3831 omnia
1127 3788 1219 3831 mirum
1230 3786 1261 3830 Ε.

146 3879 178 3890 -
197 3856 261 3910 iter,
280 3856 364 3900 omnic
381 3856 478 3900 circum
496 3856 577 3918 Eat-g.
596 3863 629 3902 at.
645 3857 671 3903 d.
690 3859 750 3904 cdd.
765 3859 841 3915 aliq.,
860 3871 927 3902 ancus
941 3857 970 3902 C.
983 3858 1044 3901 lunt.
1062 3858 1091 3901 A.
1131 3854 1190 3902 629.
1209 3859 1262 3911 (ro-

146 3924 229 3977 ribus)
253 3926 295 3969 W.
315 3926 400 3970 Horat.
424 3927 506 3971 Carm.
530 3924 562 3981 3,
596 3926 638 3973 29.
666 3926 690 3972 3.
744 3942 801 3972 rum
825 3924 906 3990 flore,
950 3923 1102 3983 Maecenas,
1123 3939 1261 3986 ⁴rosarum.

146 3992 207 4043 631.
222 3995 298 4038 Codd.
313 3995 353 4049 (G.
364 3993 408 4051 Ε.)
421 3995 466 4040 Ed.
481 3996 548 4043 Bria.
561 3999 637 4042 Van:
658 4022 691 4031 -
702 3993 778 4058 forte
791 4003 915 4043 catervas.
935 3999 1013 4042 Ven.:
1028 3993 1138 4055 -sorte
1151 4002 1262 4040 cetea-oct.

145 4066 207 4109 Am:
221 4069 328 4109 -eorte
338 4070 461 4110 catervae.
473 4067 540 4112 Pius.
551 4066 581 4111 A.
592 4079 598 4113 τ
613 4091 645 4102 -
651 4064 723 4126 sorte
733 4072 857 4113 catervae.
872 4067 946 4111 Wak.
960 4068 1023 4115 coni.
1038 4080 1043 4111 :
1062 4072 1170 4110 —sorte
1181 4071 1264 4110 cater-

146 4135 193 4178 vis.
214 4135 310 4193 (terque
331 4141 445 4193 quaterve
460 4137 546 4182 bamb.
560 4138 585 4182 in
599 4137 671 4182 Curis
684 4137 777 4192 primis.
792 4137 882 4193 Bentl.)
898 4137 1026 4191 Editor-es,
1055 4134 1137 4193 (etiarn
1158 4133 1265 4192 Eicbst)

145 4205 199 4263 inde
226 4217 240 4247 a
269 4203 386 4250 Lambiuo
413 4213 555 4262 receperunt
582 4206 688 4252 Turnebi
718 4207 782 4252 coni.
801 4203 873 4264 sorte
895 4211 1012 4260 cotenus,
1043 4206 1169 4262 probatam
1191 4208 1265 4250 etiam

144 4273 269 4319 viscontio
288 4274 373 4320 Museo
388 4276 443 4321 Pio.
463 4277 541 4324 Clean.
557 4279 587 4324 Τ.
604 4277 646 4322 Ν.
667 4289 721 4334 pag.
735 4273 776 4321 61.
793 4275 839 4321 Ed.
855 4277 921 4322 Med.
940 4278 979 4336 qni
998 4281 1121 4332 comparat
1142 4275 1265 4321 Laeonum
