2782 4762
67 367 169 431 Dona
190 366 298 430 lerunt
320 387 399 449 prae
421 388 473 441 se;
498 368 661 431 declarant
683 368 798 451 gaudia
818 368 922 431 voltu.

68 468 242 535 Deseritur
263 471 402 551 Scyros,
426 469 572 554 linquunt
597 468 786 533 Phthiotica
811 474 933 554 Tempe

69 571 297 659 Cranonisque
321 577 436 636 doruos
458 595 496 637 ae
518 573 644 637 moenia
665 572 850 638 Larissaea:

70 674 271 740 Pharsaliam
295 686 426 752 coeunt,
451 675 619 740 Pharsalia
642 688 724 739 tecta
749 678 966 762 frequentant.

70 781 162 844 Rura
187 777 265 842 colit
287 801 398 853 nemo,
423 779 614 843 mollescunt
637 779 720 843 eolla
741 779 905 842 iuvencis:

70 884 148 946 Non
167 881 295 945 humilis
318 881 427 945 curvis
447 893 606 966 purgatur
630 881 720 946 vinea
742 883 874 947 rastris:

71 987 148 1049 Non
174 985 300 1068 glebam
327 1006 434 1067 prono
461 984 615 1048 convellit
637 1006 769 1049 vomere
791 996 920 1050 taurus:

69 1089 148 1150 Non
171 1086 240 1149 salx
262 1098 401 1151 attenuat
422 1088 648 1151 frondatorum
672 1088 801 1152 arboris
824 1092 989 1152 umbram:

71 1189 225 1275 Squalida
247 1189 380 1253 desertis
402 1191 524 1274 robigo
545 1189 685 1253 insertur
707 1190 836 1254 aratris.

70 1292 177 1374 Ipsius
198 1304 230 1355 at
250 1296 359 1371 sedes,
383 1317 571 1380 quacunque
597 1294 747 1376 opulenta
768 1295 900 1358 recessit

70 1395 193 1481 Regia,
217 1396 354 1482 fulgenti
373 1398 538 1481 splendent
560 1419 639 1461 auro
659 1409 754 1483 atque
777 1410 933 1482 argento:

72 1497 196 1563 Candet
218 1502 298 1562 ebur
319 1498 429 1576 soliis,
453 1500 615 1564 collucent
637 1501 756 1582 pocula
777 1524 922 1566 mensae:
1025 1494 1028 1499 ’

72 1605 160 1666 Toa
179 1605 293 1666 domus
316 1606 432 1686 gaudet
454 1603 558 1688 regali
578 1603 745 1686 splendida
770 1627 863 1690 gaza.

71 1704 229 1770 Pulvinar
251 1727 331 1769 vero
356 1705 450 1769 divae
474 1706 598 1790 geniale
621 1707 749 1770 locatur

71 1807 208 1873 Sedibus
231 1807 264 1871 in
287 1808 415 1885 mediis,
439 1811 522 1874 Indo
544 1813 633 1895 quod
655 1813 746 1873 dente
768 1810 904 1893 politum

72 1910 188 1976 Tincta
214 1911 295 1996 tegit
317 1935 414 1976 roseo
442 1913 594 1993 conchyli
616 1936 759 1995 purpura
781 1913 873 1978 fuco.

71 2016 164 2078 Haec
186 2015 285 2079 vestis
304 2014 422 2097 priscis
445 2015 609 2080 hominum
633 2016 754 2078 variata
773 2015 888 2100 figuris

71 2118 220 2183 Heroum
242 2117 322 2180 mira
345 2117 481 2181 virtutes
505 2117 625 2181 indicat
648 2131 728 2182 arte.

71 2223 218 2306 Namque
241 2221 435 2286 fluentisono
457 2235 670 2305 prospectans
692 2223 789 2288 litore
814 2223 896 2288 Diae

71 2327 200 2388 Thesea
221 2328 383 2388 cedentem
411 2325 510 2388 celeri
536 2348 606 2388 curn
634 2326 732 2389 classe
756 2337 873 2390 tuetur,

71 2426 253 2492 Indomitos
275 2427 307 2491 in
328 2431 427 2492 eorde
452 2450 566 2512 gerens
589 2428 734 2491 Ariadna
757 2429 903 2506 furores,
1152 2432 1193 2495 55

71 2642 147 2696 Vulp.
163 2640 276 2685 Praefert
290 2640 364 2683 bach.
381 2641 409 2684 ad
424 2640 480 2684 Tib.
494 2654 516 2696 p.
531 2638 590 2684 28¹).
616 2640 669 2699 Ego
686 2642 780 2699 quidem
802 2642 1012 2697 interpolationem
1031 2656 1128 2688 censeo.
1150 2643 1197 2688 cfr.

71 2711 184 2755 Oudeud.
203 2711 232 2753 ad
246 2712 332 2764 Appul.
348 2707 373 2753 2.
388 2724 411 2764 p.
425 2709 466 2755 98.
517 2707 559 2755 35.
578 2711 669 2755 Mureti
685 2713 861 2754 distinctionem
877 2717 972 2755 secutus
990 2725 1043 2754 snm
1059 2726 1113 2756 cuni
1127 2713 1197 2756 hstio

70 2782 149 2837 (item
162 2782 216 2824 Sill.
231 2779 342 2833 Lacbm.)
361 2780 474 2837 Plerique
491 2795 544 2824 cum
558 2780 628 2824 Aldd.
636 2783 745 2839 seruum
761 2795 824 2837 prus
837 2794 864 2824 se
876 2781 1016 2825 declarant.
1055 2779 1097 2826 36.
1116 2783 1198 2836 „For-

70 2856 139 2895 tasse
152 2848 321 2895 Phthiotide?
339 2850 438 2894 Lachrn.
466 2850 567 2910 Scyron
585 2852 628 2894 etsi
649 2853 719 2908 longe
739 2866 751 2894 a
769 2851 896 2894 Thessalia
913 2856 1046 2906 remotam,
1067 2852 1197 2907 crotopi·

71 2921 118 2964 bus
145 2924 238 2980 tamen,
269 2920 443 2963 'Thessalorum
462 2925 548 2978 geute,
575 2934 712 2975 possessam
731 2925 848 2964 testantur
869 2921 977 2974 Thucyd.
1000 2921 1029 2975 1,
1055 2919 1095 2968 98.
1123 2922 1196 2966 Diod.

71 2992 124 3036 Sic.
143 2989 188 3046 11,
204 2987 246 3038 60.
266 3014 298 3023 —
318 2989 410 3047 Tempe
426 2993 523 3046 proprie
538 2993 561 3034 in
575 2990 718 3048 Pelasgide,
739 2993 779 3034 sed
798 2992 862 3033 iuxta
874 2991 1035 3034 Phthiotidem
1055 2992 1100 3034 sita
1117 2996 1196 3035 erant.

72 3057 116 3106 32.
138 3056 309 3119 Crunonisque
320 3061 424 3103 Victorii
435 3062 499 3104 coni.
522 3083 551 3092 -
572 3058 773 3118 Gravinonisque
790 3061 851 3104 lllss.
874 3083 904 3092 -
925 3058 1138 3120 Graiugenosque
1148 3061 1195 3106 Ed.

71 3144 111 3186 pr.
124 3129 275 3185 Lipsnlnd.
298 3151 327 3162 —
348 3127 571 3190 Gruirrgeuquue
588 3133 653 3174 Seal.
673 3151 707 3161 -
725 3127 824 3174 cretton
841 3136 920 3174 autern
931 3132 1072 3175 ‘l'hessaliae
1084 3131 1199 3186 oppidum

72 3212 149 3255 prope
168 3200 300 3248 Larissam.
340 3201 375 3243 lh.
398 3215 428 3242 uc
447 3203 545 3244 moenie
563 3200 704 3244 Larissaea
722 3201 791 3244 Aldd.
812 3201 887 3244 Guar.
914 3225 947 3234 -
976 3215 1006 3244 uc
1025 3202 1123 3245 nicenis
1144 3202 1199 3244 cln-

72 3272 161 3314 cn'sec
179 3271 240 3314 Mss.
268 3271 334 3314 Unde
351 3271 404 3316 snt.
423 3274 555 3325 suspicatus
572 3277 608 3315 est
623 3271 680 3313 orci
697 3271 775 3313 simul
789 3269 932 3322 Acrisieue,
952 3273 969 3314 i.
990 3286 1012 3315 e.
1033 3272 1147 3315 Larissae
1168 3270 1198 3314 ab

71 3340 169 3384 Acrisio
185 3341 303 3388 conditas.
342 3337 383 3383 38.
398 3339 560 3384 Pharsaliam
575 3342 654 3396 potius
670 3340 820 3393 trisyllabum
836 3355 904 3398 quam
921 3342 1107 3394 antepenultima
1120 3341 1198 3395 brevi,

73 3415 102 3453 nt
122 3410 238 3464 Calpurn.
265 3409 295 3465 d,
323 3407 381 3454 101.
423 3411 540 3466 Exempla
564 3414 668 3454 variatae
693 3411 717 3453 iu
744 3413 827 3454 eodem
852 3423 923 3454 versu
942 3411 1080 3467 quantitatis
1101 3410 1200 3467 collegit

73 3481 150 3524 Wak.
168 3484 198 3523 ad
216 3481 289 3525 Lucr.
308 3477 338 3534 l,
361 3477 436 3524 1252.
466 3479 608 3539 Crassaque
626 3481 773 3523 conueniunt
790 3479 911 3538 liquidis,
931 3485 955 3523 et
972 3480 1069 3538 liquido
1087 3479 1199 3524 crassis.

73 3549 153 3594 Nimis
167 3550 245 3595 facilis
263 3555 299 3594 est
315 3550 418 3593 Pontaui
434 3553 527 3594 emend.
544 3549 696 3594 Pharsalum
714 3551 786 3608 Giug.
803 3551 901 3596 Luchm.
923 3573 955 3584 -
973 3548 1117 3594 Pharsalum
1134 3549 1198 3592 Seal.

74 3617 118 3664 ¹16.
140 3620 330 3664 menaechmo.-
345 3621 418 3667 Voss.
437 3621 509 3679 Giug.
527 3635 586 3678 quae
609 3621 680 3664 lectio
697 3620 816 3662 stabilitur
831 3620 892 3664 Aen.
910 3617 956 3672 11,
976 3616 1034 3664 738.
1055 3639 1090 3651 -
1107 3618 1200 3675 plenus

69 3691 165 3748 poculo
184 3704 295 3735 mensae.
316 3692 412 3734 mensis
431 3691 522 3744 Doer.,
547 3704 591 3745 pro
613 3705 659 3747 quo
681 3686 859 3743 fecissent,
877 3685 934 3733 640.
955 3689 1047 3748 iugens
1064 3693 1200 3747 argeutum

73 3761 189 3813 mensi&
208 3763 250 3804 sed
267 3767 373 3815 praestat
389 3762 479 3803 variata
497 3766 626 3805 structura.
671 3757 712 3806 49.
731 3759 841 3803 Aedibus
862 3757 995 3813 probabilis
1018 3758 1140 3802 eorrectio
1160 3759 1199 3806 ed.

73 3832 137 3874 Vsu.
150 3830 243 3886 Gryph.
256 3845 285 3874 ex
298 3832 358 3874 Aen.
372 3828 402 3890 2,
423 3830 482 3876 511.
538 3829 579 3875 50.
599 3826 731 3888 conchylis
750 3830 821 3872 Aldd.
841 3827 955 3881 mium..
973 3829 1013 3872 sed
1029 3828 1088 3871 haec
1104 3827 1199 3882 forma,

73 3900 126 3945 sive
140 3914 155 3944 a
170 3898 319 3959 conchylis,
340 3903 389 3944 sive
403 3914 416 3943 a
431 3897 551 3959 conchyle
568 3903 681 3954 ducatur,
702 3899 763 3942 haud
781 3905 870 3943 temere
887 3897 1036 3952 recipienda.
1051 3911 1074 3941 v.
1092 3899 1199 3943 Foreelt.

71 3967 197 4030 concurri
216 3970 373 4014 hauriebam
390 3970 531 4025 Luerett,
556 3968 632 4015 1072.
690 3967 731 4013 53.
758 3965 853 4032 νῆσον
871 3962 926 4031 τὴν
945 3964 1016 4016 ποτὲ
1034 3964 1089 4031 μὲν
1108 3963 1200 4029 Δίαν,

70 4035 127 4090 οὖν
144 4037 177 4090 δὲ
195 4034 296 4102 Νάξον
314 4039 617 4109 προσαγορευομένην
634 4040 706 4083 Diod.
722 4040 770 4082 sic.
786 4036 816 4092 l,
833 4035 874 4081 16.
931 4034 972 4084 56.
993 4040 1085 4082 Versus
1106 4041 1201 4081 concla-

71 4115 161 4156 inatus.
192 4108 245 4156 Nec
265 4110 324 4155 dum
343 4112 418 4154 etium
436 4124 492 4154 sese
511 4125 573 4170 quae
592 4111 634 4155 sui
651 4110 688 4154 tui
706 4123 733 4152 se
753 4107 842 4152 credit.
862 4107 915 4151 vel:
936 4107 977 4151 sui
989 4110 1031 4153 cui
1046 4107 1200 4153 eredilMss.

70 4201 107 4214 ·-
123 4178 178 4226 Nee
197 4179 256 4226 dum
275 4182 351 4223 etium
369 4195 424 4225 sese
444 4195 505 4239 quea
525 4181 583 4225 m'sit
602 4182 681 4225 sisere
700 4179 781 4224 credit
806 4181 879 4222 Voss.
900 4177 999 4221 Lachm.
1030 4200 1058 4210 —
1088 4176 1202 4222 Necdum

71 4250 151 4294 etiem
168 4265 212 4307 ss,
233 4265 296 4310 quoe
307 4247 400 4309 suerat
417 4256 467 4294 tum
486 4249 595 4295 credidit
612 4265 668 4295 esse
687 4250 740 4295 Ast.
763 4271 792 4282 -
812 4246 925 4294 Necdum
943 4249 1020 4292 etium
1038 4260 1109 4301 sese,
1136 4259 1202 4306 quoe

63 4316 138 4382 suit,
158 4326 210 4368 tum
228 4320 337 4368 credidit
355 4335 410 4367 esso
429 4323 482 4367 sm.
507 4321 571 4366 coni.
604 4346 636 4356 -
664 4319 776 4367 Necdum
796 4320 871 4366 etium
890 4331 947 4363 sese
967 4317 1099 4363 oblitumoe
1117 4316 1159 4360 sui
1177 4313 1200 4359 te'
