2782 4762
1144 286 1161 290 =-
1204 240 1268 308 389

231 390 447 457 Decrescente
468 391 548 457 nihil
569 391 687 477 spatio.
731 393 817 477 Quin
837 395 963 480 profuit
984 397 1124 482 amplum
1173 456 1176 461 .

319 493 373 559 Sic
396 506 524 560 arenata
546 498 687 580 pandere
1227 503 1269 569 50

405 599 540 663 Vellera
561 601 650 665 visus
672 600 759 666 olor.
891 633 893 639 ·
1038 612 1041 616 ’

233 738 357 803 Mansit
379 750 412 803 et
433 739 465 803 in
486 739 562 819 viva
583 743 716 829 longum
737 742 894 807 testudine
917 743 1048 810 collum.

321 845 458 906 Tantum
481 843 607 908 moveri
628 845 767 910 molliter
811 862 814 868 ’

404 948 512 1012 Docta
534 946 641 1030 puella
664 948 762 1014 (ledit.

235 1089 365 1164 Buaus,
388 1087 443 1151 ubi
465 1089 602 1153 chordas
620 1088 702 1154 clavi
723 1100 875 1168 tenuere,
898 1112 1034 1157 recurva
1229 1094 1270 1157 55

320 1192 436 1257 Rostri
457 1192 593 1276 figuram
616 1191 758 1276 concipit

405 1294 583 1359 Debilioris
606 1295 687 1359 avis.

235 1437 318 1499 Nam
341 1455 401 1500 nec
422 1456 551 1500 acumen
574 1438 687 1514 hahet,
711 1435 795 1501 sicut
816 1459 919 1523 neque
941 1436 1047 1504 buxus
1067 1437 1229 1514 habebam

326 1541 498 1624 Tantoque
521 1539 606 1603 vires
628 1541 763 1623 corpori

404 1645 481 1707 Non
505 1642 591 1726 gerit
613 1664 672 1707 ore
692 1666 801 1726 pares.
1232 1646 1275 1708 ⁶0

239 1784 341 1848 Plura
362 1785 451 1864 lyrae
474 1781 604 1858 similis,
628 1803 689 1847 nec
709 1795 779 1850 tota
801 1806 819 1849 a
841 1784 941 1868 stirpe
964 1787 1127 1870 negandus

321 1887 473 1951 Exsultat
493 1886 579 1950 inter
600 1887 712 1951 fusiles
796 1917 799 1920 ·

405 1989 569 2054 Lubricus
590 2012 684 2054 anser
704 2011 814 2074 aquas.

235 2133 344 2210 Hine,
367 2131 455 2214 quia,
480 2153 578 2217 quom
601 2135 727 2197 caderet
748 2133 836 2212 lyra,
859 2131 922 2195 iam
946 2150 1097 2213 percussa
1120 2131 1272 2207 canebat;

322 2235 475 2300 Servavit
497 2239 577 2298 odae
599 2235 745 2319 spiritum
1232 2234 1273 2298 65

406 2337 599 2422 Aoniosque
623 2341 748 2402 modos.

236 2480 348 2557 „Vive
370 2501 493 2544 mernor
515 2479 660 2559 nostri,''
682 2478 792 2544 vitreis
815 2479 996 2553 modulatur
1017 2476 1049 2542 in
1072 2476 1187 2543 undis:

320 2583 494 2658 „Facundo
516 2584 658 2659 Nestor,
681 2580 831 2646 Nestoris

408 2687 522 2750 Secula
545 2685 642 2768 longa
665 2683 752 2747 vide.

238 2827 378 2890 Stamina
399 2837 449 2889 tot
470 2822 643 2900 Lachesis,
668 2822 819 2900 Memmi,
844 2821 903 2886 tibi
924 2821 1042 2905 pollice
1065 2825 1179 2899 ducat,
1234 2821 1275 2885 70

320 2928 453 2993 Plumas
477 2937 556 3011 quot
579 2927 720 2989 albentes
743 2946 843 3009 gero,

406 3027 604 3094 Candidiora
626 3024 733 3093 meis.''

237 3175 329 3238 Haec
350 3170 435 3235 satus
458 3192 529 3234 sese
553 3189 702 3233 muscoso
726 3166 868 3232 condidit
891 3169 997 3232 antro.

325 3273 470 3340 Confusa
493 3271 588 3336 hullis
607 3271 715 3335 ultima

406 3380 488 3442 Vox
510 3395 639 3460 quoque
661 3396 787 3438 carmen
812 3385 893 3438 erat.

492 3708 601 3787 xxu
632 3719 932 3787 recensio.

311 3847 440 3911 Animo
461 3844 687 3910 Philomelam
707 3843 755 3905 acl
774 3841 965 3904 canendum
985 3837 1120 3903 invitat.

241 3989 271 4053 Ο
296 4009 376 4072 quiae
398 4009 457 4069 per
480 4006 645 4050 nemorum
667 3984 765 4047 saltus
787 3991 818 4044 et
838 3999 972 4044 amoena
994 3977 1097 4043 vireta

324 4090 458 4153 Gratior
480 4107 542 4150 una
563 4087 675 4162 volas,

238 4196 331 4270 Huc,
357 4214 439 4276 age,
464 4189 610 4255 frondosi
632 4190 744 4253 ludens
766 4188 797 4252 in
820 4187 904 4252 valle
926 4183 1059 4264 theatri,

324 4297 418 4376 Huc,
444 4293 642 4372 Philomela,
668 4292 751 4358 veni.
