2782 4762
314 347 406 412 Illius
429 347 524 411 labor
545 356 596 411 est
616 344 726 411 nobile
747 344 918 428 pabulum:

315 447 460 518 Acclinis
478 448 584 532 clipeo
604 447 786 533 porrigitur
808 447 917 533 quies3
1043 502 1047 509 .

356 554 580 637 Accenditque
597 572 750 637 soporem

400 657 486 723 Belli
508 658 600 723 dulce
622 657 813 741 periculum.

316 781 383 845 Iam
407 802 477 844 curn
500 778 632 843 sidereis
655 778 722 844 otia
743 777 918 855 iratribus,

315 886 380 948 lam
404 905 475 946 cum
498 874 685 963 fulminibus
707 881 831 966 proelia
853 879 984 957 dividit3

357 985 566 1072 Lustralique
590 986 748 1051 Tonantis

402 1091 509 1155 Gestit
530 1090 652 1154 sulfure
675 1088 837 1176 spargier.

316 1216 421 1297 Supra
444 1214 510 1277 lata
531 1234 635 1297 rapax
657 1212 773 1276 tollere
794 1232 850 1289 se,
875 1213 983 1275 domat

315 1317 485 1385 Formosis
508 1315 656 1380 humilem
680 1318 739 1380 sub
762 1314 899 1401 pedibus
925 1327 1055 1380 metum.

360 1420 395 1485 Si
417 1423 562 1484 Fortuna
584 1419 731 1495 lacessit,

402 1525 562 1591 Constans
586 1522 731 1586 adiicitur
753 1521 826 1586 sibi.
904 1558 906 1560 ·
997 1506 1001 1513 ¹

317 1650 382 1724 At,
408 1668 505 1732 quom
527 1647 685 1728 pulvereo
708 1646 807 1710 fumat
830 1649 869 1710 ab
893 1666 1055 1732 aequore,

318 1751 449 1833 Corpus
471 1772 536 1813 non
560 1748 665 1834 gelida
686 1748 823 1812 fluminis
847 1749 964 1813 abluit:

361 1857 424 1919 Sed
446 1856 563 1917 sudore
584 1852 730 1928 lavatur,

401 1956 565 2042 Negleetu
585 1956 657 2021 Dea
679 1955 859 2039 pulchrior.

318 2079 402 2144 Auri
424 2079 508 2141 nuilla
531 2080 649 2155 sames,
681 2078 765 2161 nulla
788 2078 855 2141 sitis
877 2078 971 2142 lncri.

317 2182 521 2266 Dedignatur
543 2182 670 2245 humum
693 2182 794 2264 figere
816 2179 960 2264 spiculis.

359 2291 468 2355 Arcus
491 2297 560 2350 tota
583 2286 699 2368 cupido

403 2391 528 2454 Metam
550 2391 653 2453 fertur
674 2389 704 2451 iu
728 2391 871 2453 arduam.

317 2511 533 2576 Promittente
554 2532 664 2573 necem
688 2511 822 2574 volnere
846 2508 988 2594 gloriae,

317 2615 442 2699 Migrat
464 2636 534 2677 curn
558 2614 688 2678 domino
709 2615 773 2677 fida
795 2635 903 2679 comcs
926 2636 1007 2679 suo:

360 2717 545 2800 Herculique
569 2717 715 2801 superbit

404 2820 524 2905 Linqui
546 2842 605 2885 ceu
627 2822 764 2903 spolium
787 2822 898 2905 pigro.

531 3141 650 3205 xvu.
685 3126 891 3207 Poura

151 3263 346 3347 scripturus
374 3263 558 3327 historiam
593 3263 647 3325 sni
675 3262 841 3346 temporis
877 3260 1116 3329 VERITATI
1143 3264 1282 3328 nudam

440 3384 540 3425 aram
558 3361 671 3445 ponit.
706 3362 756 3429 M.
771 3359 847 3426 Dc.
863 3362 980 3426 XLII.

322 3505 455 3582 Qualem
478 3504 623 3566 Noe'mus
647 3501 808 3568 montibus
831 3503 925 3566 altior

321 3607 529 3692 Enavigatis,
563 3608 684 3672 Oceani
706 3606 798 3670 simul

364 3711 513 3773 Subsedit
537 3722 657 3786 aestus,
682 3711 789 3773 fertur
811 3730 897 3773 aram

404 3814 458 3876 Ex
479 3813 610 3877 rudibus
634 3812 781 3876 statuisse
804 3813 908 3876 saxis:

319 3955 384 4018 Hic
405 3953 493 4038 pono
515 3957 672 4038 supplex,
698 3977 717 4019 ο
740 3955 827 4032 Dea,
853 3952 1018 4036 pulchrius
1265 3961 1284 4022 5

321 4059 432 4122 Soluta
455 4058 576 4134 crines,
601 4057 721 4121 rustica
744 4059 911 4121 Vestras.

363 4163 439 4226 Nou
462 4162 607 4226 Atticum
629 4161 784 4245 promitto
808 4183 950 4225 marmor

405 4267 487 4329 Arte
512 4269 639 4348 Scopae
662 4264 816 4329 variatum
840 4278 871 4338 et
894 4284 992 4341 aruo,
