2782 4762
131 180 171 243 76

132 336 377 423 permixtasque
398 338 517 399 dabant
538 333 680 420 equitum
699 334 905 421 peditumque
923 334 1044 400 ruinas.

132 444 215 506 Nam
237 452 425 503 transvorsa
445 438 535 502 leros
556 438 688 501 exibant
708 436 810 502 dentis
831 441 961 502 adactus

131 545 276 608 lumenta
298 553 352 606 aut
368 539 503 624 pedibus
526 551 640 605 ventos
659 551 765 604 erecta
788 543 958 624 petebant:

131 644 375 732 Nequidquam
398 641 549 730 quoniam
571 645 611 704 ab
633 642 743 707 nervis
765 644 889 708 succisa
912 643 1039 708 videres

132 747 316 815 Concidere
338 756 432 832 atque
454 743 548 831 gravi
569 757 687 808 terram
712 757 919 810 consternere
939 769 1027 810 casu.

133 850 168 915 Si
190 873 273 936 quos
292 862 363 914 ante
385 848 473 914 domi
495 847 636 913 domitos
659 847 736 911 satis
756 871 824 913 esse
843 852 1015 931 putabant,

131 957 356 1019 Effervescere
375 954 548 1016 cernebant
564 949 597 1014 in
617 953 714 1015 rebus
736 952 871 1035 agundis

130 1055 347 1131 Vulneribus,
371 1054 530 1130 clamore,
552 1053 644 1137 fuga,
667 1065 812 1130 terrore,
834 1055 989 1130 tumultu3

130 1162 202 1223 Nec
223 1168 374 1241 poterant
395 1156 491 1219 ullam
514 1167 637 1239 partem
659 1159 814 1220 reducere
837 1178 968 1221 eorum:

130 1260 335 1346 Diffugiebat
356 1258 440 1324 enim
463 1258 587 1322 varium
611 1280 712 1342 genus
732 1280 825 1324 omne
845 1259 1005 1337 ferarum,

131 1367 176 1429 Ut
198 1385 281 1427 nunc
302 1383 396 1445 saepe
413 1365 515 1426 boves
538 1363 648 1426 Lucae
666 1364 757 1426 ferro
775 1363 855 1427 ruale
878 1375 999 1428 mactae

131 1466 333 1551 Diffugiunt,
355 1465 425 1528 fera
447 1464 534 1528 facta
556 1464 622 1528 suis
643 1487 741 1550 quom
761 1467 857 1529 multa
880 1470 1010 1531 dedere.

196 1568 252 1633 Sic
273 1566 352 1643 suit,
376 1579 410 1630 ut
432 1567 593 1631 facerentz
616 1571 673 1631 sed
693 1567 751 1631 vix
771 1571 933 1645 adducor,
955 1581 990 1632 ut
1008 1581 1080 1636 ante

131 1675 209 1737 Non
230 1669 372 1757 quierint
391 1669 497 1734 animo
516 1669 713 1753 praesentire
736 1681 830 1756 atque
853 1671 981 1749 videre,

132 1775 236 1856 Quam
259 1794 426 1838 commune
446 1772 561 1836 malum
581 1773 687 1837 lueret
705 1774 900 1859 foedumque
921 1775 1084 1841 futurumt

131 1879 177 1942 Et
195 1875 296 1961 magis
311 1875 345 1939 id
359 1875 467 1959 possis
484 1876 606 1939 factum
630 1879 824 1940 contendere
842 1875 875 1941 in
894 1877 999 1957 omni,

73 1976 78 1988 '
133 1982 169 2045 ln
189 1977 288 2043 variis
307 1978 429 2043 mundis
451 1977 540 2042 varia
560 1978 686 2043 ratione
709 1979 825 2044 creatis

132 2083 236 2164 Quam
258 2093 348 2145 certo
371 2093 465 2167 atque
484 2102 547 2145 nno
570 2092 729 2145 terrarum
747 2082 894 2168 quolibet
912 2072 1000 2150 orbi.

133 2185 199 2248 Sed
219 2183 328 2247 facere
350 2181 383 2245 id
403 2204 468 2247 nou
490 2193 553 2245 tam
574 2181 725 2248 vincundi
746 2206 803 2268 spe
822 2187 997 2252 voluerunt

132 2287 237 2368 Quam
260 2289 353 2362 dare,
377 2288 467 2371 quod
488 2296 653 2370 gemerent
672 2287 782 2350 hostes
802 2287 946 2375 ipseique
962 2292 1090 2375 perire,

133 2385 217 2472 Quei
240 2409 373 2452 numero
398 2386 580 2452 diffidebant
602 2386 762 2474 armisque
783 2395 953 2458 vacabant.

195 2489 324 2556 Nexilis
344 2500 415 2553 ante
435 2489 496 2553 fuit
519 2489 617 2554 vestis
637 2512 731 2576 quam
753 2493 864 2559 textile
889 2507 1037 2582 tegmen:

133 2592 264 2658 Textile
287 2603 362 2675 post
384 2593 506 2657 serrum
529 2604 594 2669 est;
617 2593 692 2679 quia
712 2594 804 2660 ferro
824 2599 886 2661 tela
904 2612 1058 2683 paratura

130 2700 202 2761 Nec
221 2694 346 2759 ratione
367 2695 427 2758 alia
449 2705 584 2779 possunt
606 2708 670 2759 tam
691 2695 776 2761 levia
799 2698 892 2785 gigni

131 2799 243 2865 Insilia
265 2821 303 2862 ac
326 2797 426 2874 fusei,
449 2798 550 2863 radiei
572 2799 744 2885 scapcique
765 2816 928 2869 sonantes.

195 2904 240 2966 Et
260 2903 370 2966 facere
392 2911 463 2965 ante
485 2901 576 2966 viros
598 2902 700 2966 lanam
723 2914 836 2969 natura
858 2907 972 2993 co'c'git

131 3161 208 3206 ibren
225 3160 410 3217 eeraplitterten
430 3156 539 3222 Wuffen.
578 3158 653 3208 1329.
674 3162 751 3208 Codd.
765 3163 827 3210 Edd.
841 3171 897 3211 vett.
918 3167 1041 3214 adauctus
1054 3171 1091 3215 rel
1104 3170 1138 3216 ad
1149 3180 1248 3217 auctus.

131 3230 166 3276 od
181 3232 247 3276 ictuc
263 3231 302 3274 Pii
318 3231 381 3274 coni.
399 3229 505 3274 addetur
517 3231 547 3276 A.
561 3231 590 3276 L.
605 3232 635 3276 tl.
652 3247 712 3290 quae
728 3235 823 3292 quidem
838 3250 900 3291 vox,
921 3243 945 3281 ut
959 3246 1099 3285 autumatue
1113 3247 1136 3286 et
1148 3243 1195 3286 alia
1208 3257 1248 3298 ap.

119 3301 229 3346 'Lucrcb
246 3304 445 3356 caretexemplo.
475 3300 535 3344 ilinc
553 3301 595 3350 W.
616 3303 644 3345 de
665 3305 729 3349 coni.
752 3303 786 3348 od
803 3312 890 3361 actua,
910 3303 1034 3371 ἐλάσεις·
1065 3312 1157 3356 Verum
1175 3312 1250 3356 exire

131 3370 188 3416 alibi
205 3367 251 3427 (6,
268 3366 356 3425 1216.)
375 3384 427 3415 cum
448 3371 551 3426 simplici
568 3373 704 3417 accusativo
720 3376 837 3419 construit
848 3375 944 3423 Lucret.
965 3378 1015 3424 Nee
1029 3394 1087 3425 vero
1103 3383 1249 3440 cogitatione

131 3441 238 3496 suppleri
257 3444 351 3494 potest,
370 3443 432 3497 quod
451 3441 548 3484 volebat
564 3441 656 3496 Wal„
674 3457 751 3500 apros
760 3457 771 3498 ,¹
797 3450 822 3489 ut
837 3452 1005 3495 construatur:
1032 3452 1080 3504 „ad
1097 3451 1165 3496 feros
1183 3457 1250 3496 ectus

131 3511 228 3556 exibant
242 3507 342 3565 apros.”
356 3510 469 3554 Ceterum
479 3509 526 3555 E.:
541 3509 656 3556 dentibus
666 3512 805 3569 adauctum
818 3514 865 3560 C.:
880 3516 996 3564 dentibus
1008 3520 1083 3565 ictuc.
1122 3518 1198 3569 1333.
1211 3522 1250 3565 ete

131 3581 204 3626 tati.
249 3576 324 3624 1337.
345 3577 442 3624 coridon
460 3604 470 3616 ·
490 3577 630 3637 -ferorum
648 3584 690 3626 W.
711 3585 774 3628 inani
793 3588 856 3631 coni.
902 3585 1150 3639 attestetur.
1171 3591 1249 3636 Μ..

130 3651 223 3696 Eicbst.
243 3674 276 3684 -
294 3650 319 3694 ai
337 3649 396 3694 Cdd.
415 3650 443 3695 C.
461 3649 491 3694 E.
510 3649 572 3695 Edd.
593 3657 650 3695 vett.
671 3652 730 3697 liar.
748 3655 790 3698 W.
817 3656 864 3700 Sed
880 3660 1137 3704 senteuttamaniiesto
1150 3661 1196 3706 boc
1211 3675 1249 3706 re-

131 3722 218 3778 quirit:
238 3719 304 3782 fleri
317 3720 418 3778 potuit,
444 3721 482 3764 aie
507 3726 533 3764 ut
550 3717 680 3778 facerent.
712 3721 830 3768 Adducor
854 3729 920 3771 nulio
939 3728 1058 3774 credendi
1076 3731 1151 3775 verbo
1170 3732 1250 3776 addito

131 3789 205 3834 babes
224 3791 296 3834 etiam
313 3791 373 3846 apud
393 3791 445 3835 Cic.
460 3790 496 3834 vel
515 3804 569 3834 cum
588 3797 651 3845 part.
671 3797 710 3845 ut,
731 3795 928 3850 quemadmodum
948 3796 996 3853 hic,
1016 3801 1052 3842 vel
1065 3813 1119 3843 cum
1132 3798 1250 3845 infinitivo

132 3865 303 3904 constructum.
324 3873 346 3904 v.
367 3874 389 3904 c.
410 3861 438 3905 de
451 3860 522 3905 Fiirn.
539 3859 567 3914 1,
582 3860 607 3906 5.
627 3860 720 3905 adduci
737 3863 781 3907 uix
795 3877 902 3921 pureum
921 3873 947 3911 ut
965 3881 995 3911 ea
1014 3893 1023 3903 -
1042 3894 1051 3904 -
1069 3868 1115 3913 tibi
1127 3884 1177 3915 non
1191 3885 1250 3915 vero

122 3928 278 3982 7νὶάιιιιιιιιη
296 3931 325 3975 de
335 3930 415 3974 Divin.
430 3929 458 3984 1,
475 3927 516 3974 18.
536 3942 582 3973 nec
594 3929 710 3975 adducor
721 3958 731 3968 -
744 3958 753 3968 -
764 3933 790 3976 in
803 3937 873 3981 extis
888 3942 964 3980 totum
979 3935 1112 3982 Etruriam
1125 3939 1248 3984 delirare.

133 3995 209 4043 1³42.
222 3995 312 4056 suerat
327 4001 386 4044 Ver.
404 4001 455 4044 Veu
477 3999 580 4054 nv.1².;
603 4014 661 4057 quae
675 4000 769 4056 foruna,
790 4004 835 4048 etsi
854 4005 978 4062 obsoleta,
999 4007 1125 4054 obliterari
1143 4025 1190 4054 nou
1209 4012 1249 4055 de·

131 4067 197 4122 buit,
217 4069 294 4112 iudice
307 4070 377 4113 etiam
390 4070 510 4114 Bentlein.
528 4069 607 4114 Aliter
621 4083 647 4115 se
660 4070 732 4115 babet
744 4069 774 4126 3,
789 4071 849 4122 849.
864 4075 904 4120 ubi
916 4076 965 4122 Gii.
981 4079 1068 4124 edidit:
1088 4079 1116 4124 in
1128 4079 1250 4139 dubioque

123 4134 227 4198 soeret,
247 4138 314 4194 quasi
332 4139 489 4194 dissyllabum
508 4145 586 4185 esset:
606 4142 667 4185 unde
679 4141 832 4188 Porcelliuus
850 4145 874 4189 iu
892 4159 916 4191 ν.
927 4143 1005 4206 fuam
1021 4149 1116 4195 laudat:
1136 4150 1163 4194 iu
1175 4149 1251 4195 dudio

122 4204 228 4268 soeret,
248 4221 307 4266 quae
323 4208 394 4252 lectio
410 4209 474 4253 oanni
490 4214 557 4254 caret
570 4211 723 4256 auctoritate.
744 4205 777 4246 -’-
789 4210 867 4275 flaret
885 4215 978 4271 Codri„
997 4219 1070 4264 etiam
1085 4218 1114 4264 G.
1128 4219 1159 4265 E.
1179 4221 1249 4265 Brix.

130 4277 162 4324 Α.
170 4279 213 4324 W.
225 4277 319 4324 Eiebst.
333 4300 367 4314 -
377 4274 471 4340 suerat
481 4279 510 4326 b.
520 4279 552 4327 ll.
570 4279 652 4326 Etiam
662 4281 738 4328 Fnrb.
745 4279 826 4345 ficret
836 4309 847 4323 ·
862 4282 1015 4346 ·sutmm,·
1033 4289 1057 4335 id
1072 4290 1136 4350 quod
1151 4291 1251 4337 omnino
