2782 4762
668 365 723 430 374

130 472 233 535 Laeta
256 467 336 535 meri
359 479 477 546 mater,
502 490 583 553 quae
606 469 727 560 crispas
750 468 892 534 molliter
912 489 991 537 uvas

194 573 315 637 Intexis
339 570 430 635 lentis
453 571 541 635 ebria
563 571 764 655 palmitibus,

131 678 263 743 Fronde
284 688 338 740 tua
362 675 485 737 veletur
505 675 721 739 Anacreionta
744 674 891 738 columna

197 780 288 864 Quae
312 789 404 843 notat
426 791 457 842 et
480 778 582 841 tenuis
605 799 667 862 qua
690 776 845 859 sepelitur
867 775 1000 853 humosa
1106 823 1113 830 .
1141 829 1145 837 .

128 883 179 962 JJt
201 881 311 946 sitiens
334 880 399 944 vini
421 893 684 963 comessatorque
706 899 912 959 peromnem
959 953 961 959 s

95 1037 97 1040 ,
198 986 335 1048 Noctem
359 986 397 1046 de
419 982 512 1064 pueri
534 983 639 1075 pulset
661 1002 771 1044 amore
795 981 923 1062 chelyn.

132 1089 229 1152 Nunc
251 1083 407 1168 'etiamque
428 1096 516 1169 tegat
539 1087 578 1147 dc
600 1083 744 1166 pulchris
767 1085 851 1148 sacta
873 1082 1007 1148 raeeauis
1085 1165 1088 1172 Ι

197 1191 236 1252 In
260 1201 362 1253 terras
383 1185 465 1270 lapsi
486 1187 567 1249 festa
591 1207 714 1251 corona
737 1200 852 1268 eaput,

133 1294 206 1357 Nec
228 1291 351 1356 Bromii
373 1290 415 1354 sit
435 1289 521 1366 reris
545 1288 663 1374 e'gens,
689 1312 754 1373 qato
777 1289 902 1354 dulcius
923 1277 1023 1375 ipso‘

198 1393 343 1478 spiravit
365 1393 472 1477 lepido
495 1413 621 1456 carmen
644 1394 685 1456 ab
708 1414 766 1457 ore
787 1415 900 1458 senex.

670 1579 725 1644 38.

135 1701 270 1787 Cingat,
295 1700 496 1778 Anacreion,
522 1702 723 1787 quadruplex
746 1713 798 1765 tua
820 1704 911 1767 busta
934 1707 1130 1786 corymbus,

182 1808 243 1868 -Et
264 1826 346 1888 quiae
369 1817 539 1868 vernantes
561 1827 704 1887 purpura
734 1807 831 1868 vestit
856 1827 973 1891 agros;

135 1908 293 1973 Fontibus
316 1919 440 1971 emanet
462 1907 548 1970 nivei
569 1910 652 1970 bona
676 1907 768 1990 copia
790 1908 901 1986 lactis,
963 1924 970 1930 “

198 2011 325 2074 Fundat
347 2011 475 2074 odorati
496 2011 610 2093 pocula
634 2021 721 2074 terra
744 2011 841 2098 meri,

134 2114 179 2179 Ut
201 2113 331 2177 cineres«
347 2114 483 2177 habeant
505 2137 570 2198 quo
593 2098 789 2178 delectentur
811 2125 843 2178 et
865 2132 958 2192 ossa,

199 2215 234 2278 si
256 2216 331 2301 quid
352 2217 442 2279 dulce
464 2230 567 2281 tamen
592 2219 745 2281 Manilius
768 2240 837 2281 esse
859 2230 985 2300 potesta
1072 2244 1077 2249 ·

108 2406 113 2423 ¹
136 2320 167 2386 0
195 2319 247 2382 eui
269 2340 344 2383 cara
368 2319 429 2386 fuit
450 2319 576 2403 semper
598 2322 665 2400 lyra
690 2321 817 2406 vitaque
840 2343 965 2388 amores
999 2399 1001 2404 ἲ

199 2424 290 2488 luter
312 2433 345 2488 et
368 2436 502 2508 argutos
526 2424 684 2512 velificata
699 2426 830 2492 modos!

671 2614 727 2679 39.

135 2728 199 2817 Qui
221 2729 338 2794 transis
360 2730 412 2794 hic
433 2737 552 2817 hospes
575 2732 792 2800 Anacreionta
813 2734 991 2818 sepultum,

199 2839 235 2904 Si
255 2838 313 2902 tibi
335 2839 409 2924 quid
432 2851 558 2924 gratum
581 2838 696 2922 pagina
719 2849 830 2900 nostra
852 2837 956 2900 dedit:
998 2889 1000 2895 .

134 2941 205 3019 Da,
229 2963 335 3026 rogo,
360 2964 440 3024 quae
462 2941 561 3006 cineri
583 2943 728 3024 placeant
749 2941 895 3004 libamina
920 2937 1055 3021 nostre,

200 3046 244 3108 Et
265 3067 332 3108 mea
357 3047 502 3109 Lenaeus
525 3046 654 3127 proluat
677 3066 750 3109 ossa
773 3043 901 3129 liqrror:

134 3149 279 3214 Auribus
302 3161 335 3212 ut
358 3149 458 3212 teneri
483 3169 548 3210 vox
570 3167 697 3230 semper
719 3147 957 3232 grataLyaei,

200 3252 264 3333 Qui
285 3251 374 3333 dapis
397 3245 428 3313 et
450 3253 566 3314 Musae
590 3272 692 3332 nuper
714 3251 859 3315 alumnus
883 3272 989 3328 eram,

134 3355 228 3420 Haec
249 3375 379 3439 qttoque
403 3376 467 3417 non
490 3354 623 3417 tolerem
646 3353 730 3416 dailei
752 3353 819 3418 sine
841 3374 969 3418 maluere
992 3353 1112 3419 Bacchi
1139 3413 1142 3420 .

198 3455 348 3519 Humano
371 3451 483 3538 generi
504 3452 609 3516 debita
632 3462 723 3517 vasta
744 3451 829 3517 loca.
1026 3442 1032 3455 ⁵

670 3640 724 3704 40.

136 3765 273 3828 [l'antum
298 3763 382 3829 victa
403 3775 476 3827 tuae
499 3763 631 3849 quaevis
654 3763 762 3843 chelys
784 3761 882 3824 altera
905 3758 1006 3838 cedit,

199 3868 360 3947 Quantum
384 3887 425 3930 ex
447 3867 597 3930 hinnuleo
619 3866 696 3930 tibia
718 3866 804 3930 laeta
826 3866 935 3930 tubae.

133 3972 207 4035 Nee
227 3970 348 4033 frustra
371 3969 402 4032 in
424 3969 541 4033 teneris
564 3989 696 4032 examen
719 3968 810 4032 dulce
832 3964 977 4042 labellis,

198 4071 290 4136 Sedit
314 4083 346 4135 et
367 4072 495 4148 affudit,
520 4072 679 4149 Pindare',
703 4071 794 4134 mella
816 4069 887 4133 tibi.

135 4173 302 4260 Corniger
324 4175 482 4238 Arcadiae
503 4174 592 4238 testis
615 4175 726 4250 Deus,
751 4173 777 4255 is
800 4184 852 4235 tua
876 4191 1012 4258 namque

199 4276 346 4344 Carmina
370 4275 522 4362 depositis
545 4288 651 4342 cantat
672 4275 891 4342 artandinibus.
992 4306 1004 4350 ,-
