2782 4762
148 174 208 237 168
230 238 233 244 ,

210 331 275 393 Vel
297 340 350 392 tua
373 327 400 390 si
422 344 537 389 socero
561 323 645 385 colla
668 324 798 383 daturus
821 300 907 382 ereis.

149 431 277 498 Scilicet
298 427 411 492 incesti
433 422 586 489 meretrix
603 421 720 507 regina
743 420 893 504 Canopi,

211 534 283 599 Una
306 529 478 612 Philippeo
501 524 655 611 sanguine
669 527 788 586 adusta
809 533 906 598 nota,

146 638 238 702 Ausa
259 633 334 697 Iovi
355 642 471 694 nostro
494 630 659 690 latrantem
683 645 850 706 opponere
872 621 1017 694 Anubim¹

213 739 259 799 Et
280 732 425 796 Tiberim
448 729 515 794 Nili
536 748 658 812 cogere
680 726 768 789 ferre
790 725 888 790 minas

150 841 390 918 Romanamque
412 835 518 895 tubam
541 827 711 910 crepitanti
731 827 853 908 pellere
875 826 995 901 sistro,

213 936 353 1001 Baridos
378 947 409 997 et
431 935 534 1020 contis
556 942 663 995 rostra
687 928 833 991 Liburna
850 928 940 1011 sequi
1021 983 1023 986 ,

151 1041 327 1122 Foedaque
350 1033 495 1117 Tarpeio
518 1031 656 1112 conopia
676 1032 806 1092 tendere
829 1050 928 1105 saxo,

140 1156 144 1163 ‘
216 1143 294 1203 Iura
317 1134 391 1199 dare
415 1148 446 1199 et
467 1146 587 1197 statuas
608 1132 692 1194 inter
715 1143 746 1193 ct
768 1151 856 1194 arma
877 1131 980 1194 Mari.

154 1240 241 1322 Quid
262 1261 345 1302 nunc
367 1235 537 1319 Tarquinii
558 1235 677 1297 fractas
698 1231 787 1295 iuvat
810 1253 878 1295 esse
900 1251 1051 1307 secures,
1117 1214 1123 1231 ’

217 1339 357 1404 Nomine
380 1359 472 1422 quem
497 1334 591 1398 simili
612 1334 678 1396 vita
700 1335 839 1415 superba
861 1345 974 1409 notat,

157 1441 192 1507 si
212 1441 326 1505 mulier
349 1439 494 1522 patienda
515 1435 600 1499 fuit?
623 1434 734 1517 Cape,
761 1437 883 1512 Roma,
909 1434 1104 1516 triumphum

218 1545 264 1606 Et
284 1543 414 1624 longam
436 1540 585 1622 Augusto
608 1536 698 1598 salva
722 1557 858 1616 precare
882 1535 978 1598 diem.
1233 1532 1278 1594 50

157 1641 285 1726 Fugisti
307 1652 412 1703 tamen
434 1640 466 1701 in
489 1636 589 1701 timidi
612 1657 696 1716 vaga
719 1636 846 1698 flumina
869 1636 957 1710 Nili·,

221 1744 389 1823 Accepere
411 1753 483 1803 tuae
506 1738 645 1803 Romula
668 1736 772 1799 vincla
795 1760 918 1801 manus.

158 1843 299 1909 Brachia
321 1841 464 1923 spectavi
487 1840 584 1902 sacris
607 1843 754 1901 admorsa
777 1840 921 1902 colubris

222 1948 267 2009 Et
288 1945 416 2007 trahere
439 1942 603 2005 oecultum
626 1941 766 2002 membra
789 1940 918 2022 soporis
940 1941 1016 2005 iter.

160 2048 262 2123 „Non
283 2047 365 2121 hoc,
390 2045 517 2116 Roma,
541 2041 589 2104 sui
609 2052 700 2104 tanto
723 2039 781 2103 tibi
803 2042 872 2105 cive
896 2045 1054 2119 verenda,
1069 2043 1089 2071 '’
1239 2043 1284 2105 55⁴

219 2137 336 2225 Dixit,
360 2156 416 2218 „et
438 2144 564 2207 assiduo
586 2144 692 2226 lingua
716 2145 840 2225 sepulta
863 2144 991 2207 mero.’'

164 2249 292 2330 Septem
316 2250 392 2308 urbs
416 2246 478 2307 alta
499 2243 604 2327 iugis,
626 2255 698 2308 toto
722 2265 802 2325 quae
824 2245 985 2325 praesidet
1000 2245 1101 2320 -orhi,

234 2426 276 2474 ³6.
287 2425 392 2487 Magne,
400 2432 483 2470 notem
491 2425 578 2479 Curet.
593 2425 644 2470 Hoc
653 2439 724 2470 versu
734 2428 758 2470 in
771 2428 906 2482 parenthesi
919 2429 998 2483 posito
1010 2441 1057 2471 non
1067 2428 1169 2485 ingrate,
1184 2427 1229 2471 etsi
1242 2439 1284 2469 ne-

163 2499 291 2558 gligentius
313 2509 340 2540 u.
366 2493 408 2540 37.
435 2500 491 2550 post
513 2495 614 2539 Romam
632 2509 660 2539 ae
675 2496 806 2550 Memphim
824 2497 968 2551 Pompeium
986 2497 1125 2553 alloquitur.
1174 2495 1243 2552 Quod
1262 2495 1284 2538 si

164 2571 246 2613 eutem
263 2578 287 2609 r.
310 2562 353 2608 3⁶.
373 2565 490 2608 sententia
513 2565 546 2607 ita
565 2562 706 2608 definiatur:
727 2565 796 2608 nullo
820 2569 929 2621 tempore
948 2578 997 2608 non
1021 2564 1155 2624 indignum
1173 2565 1224 2607 erit
1240 2575 1285 2606 rto·

164 2635 231 2680 ruine
254 2633 380 2688 Romano,
409 2644 535 2676 summum
557 2630 725 2677 Romanorum
749 2632 836 2677 ducem
858 2638 927 2677 tanto
946 2647 1002 2678 rum
1017 2631 1129 2694 perfidia
1148 2632 1179 2675 cl>
1197 2631 1284 2690 Aegy·

161 2705 226 2762 ptiie
240 2701 415 2760 proditoribus
435 2702 546 2745 occisum
565 2714 639 2755 esee,
665 2715 708 2745 nec
723 2707 853 2756 propterea
871 2706 899 2746 de
920 2703 1019 2746 dimissa
1037 2703 1127 2746 ultione
1147 2701 1284 2758 cogitetur,

165 2773 228 2817 baud
246 2773 331 2825 rideo,
364 2771 418 2828 quid
437 2769 577 2814 offensionis
605 2771 698 2822 habeat.
737 2771 774 2814 tha
792 2767 930 2830 Phlegraei
947 2771 1031 2827 rumpi
1056 2785 1069 2814 a
1096 2770 1237 2827 quibusdam
1260 2768 1285 2810 in

166 2841 301 2893 Thessalia,
314 2839 353 2883 ubi
363 2839 509 2893 Pharsalus,
524 2838 554 2881 ab
564 2839 617 2883 aliis
628 2839 651 2882 in
664 2839 815 2893 Macedonia,
827 2840 966 2894 aplurimis,
978 2845 1003 2883 ut
1015 2840 1107 2894 abipso
1121 2826 1212 2896 quoqne
1223 2837 1286 2880 Pro-

166 2910 246 2966 pertio
267 2908 296 2962 1,
317 2905 368 2962 20,
390 2905 431 2961 9.,
456 2908 480 2950 in
505 2907 635 2961 Campania
657 2908 722 2950 iuxta
747 2908 836 2951 Crinas
854 2913 983 2962 ponuntur.
1040 2905 1081 2952 40.
1102 2909 1241 2960 Sententia,
1262 2906 1286 2948 ni

166 2979 254 3036 tal-tor,
273 2977 331 3021 haec
350 2981 403 3020 est:
424 2973 574 3032 Cleopatra,
595 2976 671 3020 unice
688 2982 764 3031 uota,
782 2991 844 3035 quae
852 2991 901 3034 per
919 2977 1073 3036 sauguinem
1090 2974 1247 3032 Philippeum
1265 2976 1288 3018 i.

167 3061 191 3091 e.
211 3060 226 3088 a
250 3045 363 3100 porteris
382 3041 495 3101 Philippi
511 3041 582 3087 nobis
601 3043 739 3094 Romanis.
770 3046 857 3089 leviter
884 3050 984 3099 lernen,
1014 3047 1100 3089 inccta
1123 3046 1175 3098 eit,
1200 3044 1237 3086 ito
1262 3047 1289 3085 ut

166 3113 277 3173 Augusti
294 3113 414 3156 victoriae
433 3113 509 3155 irtam
527 3114 655 3156 maculem
671 3113 746 3172 quusi
763 3113 814 3158 ium
832 3113 976 3158 detererent.
1014 3114 1074 3157 Illud
1085 3114 1157 3157 'enim
1176 3112 1222 3155 sibi
1237 3112 1289 3154 vult

166 3181 274 3236 aduste,
303 3193 357 3224 voc.
377 3181 447 3238 longe
466 3180 558 3234 levius,
590 3183 690 3241 ideoque
707 3183 731 3226 h.
752 3182 769 3226 l.
787 3184 882 3237 aptius,
915 3196 985 3239 quarn
1005 3184 1109 3236 inuria,
1130 3179 1290 3239 quodCod'd.

167 3250 265 3296 lectioni
295 3249 469 3292 substituerunt
495 3249 549 3293 inde
573 3253 756 3309 aScaligero,
788 3265 835 3294 uno
862 3252 961 3295 Lachm.
990 3253 1019 3294 ad
1048 3264 1131 3296 rerum
1161 3251 1288 3294 redeunte.

168 3320 284 3374 Reliquos
302 3317 414 3362 videlicet
433 3317 537 3372 Philippi
554 3324 667 3372 posteros
685 3334 712 3364 ac
730 3331 899 3373 successores,
929 3321 1065 3375 Philippum
1087 3320 1160 3373 tit,
1175 3319 1288 3371 Persen,

169 3392 217 3434 cet.
236 3386 373 3431 devicerant
389 3386 505 3442 Romani;
534 3400 581 3430 una
603 3388 732 3444 Cleopatra
750 3393 868 3432 terrorem
890 3389 920 3430 iis
942 3391 1086 3433 incusserat.
1122 3387 1291 3433 Ptolemaeum

170 3460 251 3502 autem
271 3455 345 3512 Lagi,
372 3454 458 3498 Curtio
480 3460 555 3511 teste,
578 3452 608 3510 9,
629 3454 661 3510 8,
691 3455 733 3500 22.
754 3457 863 3500 nonnulli
883 3457 1023 3511 aPhitippo
1041 3457 1147 3515 genitum
1166 3469 1219 3501 esse
1237 3469 1291 3498 crc-

171 3525 266 3571 debaut.
303 3524 384 3573 ilinc.
410 3524 511 3578 opinor,
532 3524 684 3569 ruanilestum
701 3522 755 3579 fiet,
775 3537 859 3580 parurn
882 3525 1039 3578 probabiliter
1058 3540 1071 3569 a
1094 3525 1247 3569 Lachrnanno
1264 3524 1289 3565 in

169 3595 216 3638 Ed.
237 3607 292 3647 pr.,
312 3593 356 3636 etsi
379 3593 504 3646 plaudente
527 3591 635 3637 Censore
660 3595 728 3647 len.,
751 3594 911 3648 transpositos
939 3595 1013 3638 luisse
1032 3608 1056 3638 u.
1089 3590 1131 3638 ³6.
1152 3599 1176 3637 et
1194 3590 1237 3638 40.
1257 3593 1291 3635 ita

170 3663 305 3717 scriptum:
337 3659 391 3705 Unci
417 3659 547 3720 Philippeo
575 3663 702 3721 sunguine
729 3661 820 3707 eddela
846 3656 908 3705 nord
929 3663 946 3707 i.
967 3677 989 3707 e.
1015 3676 1104 3716 „unam
1125 3662 1259 3720 Aegyptum
1277 3675 1293 3704 a

171 3730 286 3789 progenie
306 3726 364 3777 τῶν
382 3724 527 3788 διαδόχων
546 3734 626 3773 notam
643 3737 668 3774 et
688 3732 845 3789 ignominiam
859 3735 963 3775 traxisse
983 3733 1057 3785 dicit,
1089 3745 1162 3787 quum
1179 3732 1249 3784 Syria
1268 3735 1295 3773 et

172 3800 315 3843 Macedonia
336 3798 405 3842 bonis
420 3796 518 3856 regibus
542 3799 649 3856 insignes
667 3799 781 3844 fuerint.’‘
818 3801 865 3844 Sed
887 3802 994 3856 quisnam
1013 3801 1177 3844 Rornanorum
1198 3799 1292 3851 Philip·

173 3881 218 3922 pos
233 3867 288 3910 illos
307 3871 377 3924 atque
395 3867 526 3911 antiochos
544 3867 606 3911 inter
624 3869 701 3911 bonos
718 3881 789 3926 reges
814 3881 916 3925 unquam
935 3867 1036 3913 retulit?
1071 3869 1092 3912 E
1111 3867 1173 3913 C2d.
1197 3868 1292 3912 edidit:

115 3983 135 3998 Ι,
174 3935 312 3994 sanguini,
333 3941 358 3979 ut
370 3936 418 3990 sit,
438 3936 586 3989 „unanimum
600 3937 757 3990 opprobrium
769 3937 852 3992 stirpis
869 3937 1036 3993 Philippeae.'’
1071 3937 1124 3983 cn.
1144 3938 1233 3981 Lucan.
1251 3933 1292 3989 lt),

175 4001 218 4048 59.
238 4001 355 4047 Dedecus
372 4002 505 4063 Aegypto,
525 4003 601 4048 Latio
609 4000 708 4062 ferulis
726 4003 844 4063 Erinnys
860 4003 971 4050 Romano
988 4019 1037 4050 non
1056 4011 1128 4051 caelu
1146 4007 1213 4050 molo
1224 4031 1239 4042 -
1251 4031 1267 4041 -
1278 4030 1294 4040 -

176 4070 281 4115 Terruit
307 4069 354 4115 illa
371 4085 432 4125 eno,
462 4073 487 4116 ei
502 4068 571 4129 fua,
593 4070 716 4131 Capitolia
734 4074 815 4118 sistro
841 4072 874 4117 Et
891 4073 1003 4118 Romana
1016 4075 1081 4133 petit
1104 4074 1199 4118 imbelli
1217 4074 1295 4133 aigne

174 4135 282 4196 Canopo.
344 4135 387 4185 ll.
415 4139 542 4198 Tarquini
568 4143 618 4187 lac.
652 4157 664 4187 e
690 4142 750 4187 cdd.
806 4139 847 4190 55.
867 4143 948 4190 Puccii
969 4145 1025 4189 lect.
1045 4158 1105 4188 irunc
1130 4145 1180 4188 lae.
1202 4149 1227 4187 et
1245 4139 1292 4185 nt.

175 4208 268 4264 recepi.
304 4208 436 4266 „Loquens
458 4210 502 4254 hoc
521 4211 622 4255 disticho
644 4211 761 4258 inducitur
780 4211 929 4267 Cleopatra:
958 4214 1009 4259 Hoc
1027 4218 1093 4258 tanto
1109 4213 1161 4258 cire
1175 4226 1228 4265 non
1249 4223 1294 4269 ego
