2782 4762
170 181 234 248 2118

171 343 266 408 Haec
288 358 389 424 opera
411 347 507 424 utque
528 338 589 402 hae
611 348 685 401 sunt
706 333 857 450 geueppsi
877 331 1031 421 principis
1052 342 1158 413 anes,

174 441 350 508 Gaudentio
370 441 469 507 foedo
490 438 662 524 peregriua
685 440 725 502 ad
746 437 869 522 pulpita
892 430 1025 501 saturum&

173 543 335 610 Prostitui
356 542 537 628 Graiaeque
559 540 665 625 apium
688 540 840 604 meruisse
862 559 1017 605 coronae.
1050 539 1125 633 ‘epifa

78 702 84 708 .
173 645 339 712 Maiarum
361 644 483 730 effigies
504 644 640 708 habeant
661 642 796 728 iusignia
818 640 928 707 rociss

173 749 260 816 Ante
282 750 379 834 pedes
400 746 526 813 Domiti
547 745 679 831 longum
701 755 736 809 tu
757 765 845 828 poue
868 744 1030 824 Thyestae

175 851 290 933 Syrma
311 849 365 916 vel
385 848 572 933 Antigones
593 869 649 912 seu
669 867 839 931 personam
862 846 1067 930 Melanippes

172 955 219 1021 Et
241 956 280 1017 de
301 960 482 1017 marmoreo
505 951 660 1015 citharam
681 952 838 1033 suspende
861 950 1006 1014 colosso.

218 1055 321 1138 Quid,
345 1052 504 1130 Catilina,
527 1053 588 1116 tuis
610 1053 764 1117 natalibus
786 1063 881 1137 atque
904 1051 1041 1139 Cethegi
1082 1124 1087 1133 ι

174 1155 320 1223 Inveniet
344 1156 510 1243 quisquam
532 1155 724 1220 sublimius?
745 1155 846 1220 Arma
867 1166 972 1219 tamen
995 1175 1055 1220 ras

165 1263 346 1326 'Nocturna
368 1271 400 1324 et
420 1261 562 1323 ila‘mmas
584 1258 732 1324 domibus
753 1255 945 1343 templisque
967 1256 1126 1343 parastis,

176 1364 223 1428 Ut
244 1363 455 1426 Bracatorum
476 1360 571 1444 pueri
594 1362 818 1445 Senonumque
840 1363 999 1437 minores3
1211 1345 1215 1357 ¹

176 1463 277 1543 Ausi,
302 1465 390 1549 qssod
411 1464 505 1527 liceat
528 1462 632 1526 tunica
653 1461 767 1545 punire
790 1463 936 1527 molesta.

178 1568 243 1631 Sed
265 1566 376 1651 vigilat
399 1564 521 1631 Consul
544 1565 727 1649 vexillaque
747 1575 856 1629 vestra
878 1567 1021 1631 coe'reet.

177 1668 244 1735 Hie
263 1689 368 1733 novus
389 1665 549 1752 Arpinas,
572 1665 724 1752 ignobilis
747 1679 778 1731 et
801 1669 897 1732 modo
920 1669 1043 1732 Rornae

168 1769 388 1853 ³Municipalis
411 1790 508 1854 eques
532 1771 690 1854 galeatum
712 1771 804 1852 pouit
826 1769 944 1854 ubique

178 1872 379 1938 Praesidium
400 1872 546 1938 attonitis
568 1884 600 1936 et
621 1871 653 1936 iu
676 1873 762 1938 omni
784 1884 879 1958 gente
901 1873 1042 1938 laborat.

179 1977 319 2054 Tantum
341 1973 441 2059 igitur
462 1996 571 2039 muros
593 1975 677 2039 intra
699 1986 777 2060 toga
799 1973 935 2039 contulit
955 1974 1003 2039 illi

178 2077 326 2142 Nominis
349 2099 387 2140 ac
408 2076 508 2156 tituli,
533 2090 684 2163 putantum
706 2100 770 2142 uon
793 2080 962 2154 Leueade,
987 2086 1138 2162 quantum

179 2179 367 2245 Thessaliae
389 2179 508 2262 eampis
532 2181 686 2244 Octavius
709 2181 840 2244 abstulit
862 2185 926 2248 rudo

179 2280 342 2346 Caedibus
365 2281 496 2347 assiduis
519 2281 641 2366 gladio.
686 2283 749 2346 Sed
772 2286 876 2348 Roma
897 2293 1085 2366 parentem,

179 2383 285 2448 Roma
307 2395 430 2466 patrem
451 2384 573 2469 patriae
596 2385 787 2449 Ciceronem
809 2387 909 2449 libera
932 2385 1024 2450 dixit.

181 2485 324 2569 'Arpinas
347 2485 427 2550 alius
449 2487 649 2551 Volscorum
673 2487 703 2550 iu
727 2497 833 2551 monte
857 2488 982 2553 solebat

180 2589 326 2655 Poscere
347 2591 508 2652 mercedes
530 2589 633 2653 alieno
655 2590 757 2652 lassus
779 2600 908 2665 aratr03

179 2660 349 2759 Nodiii'in
371 2691 546 2774 posthaec
567 2692 738 2776 lraugebat
759 2662 881 2756 veiii'ce
905 2658 1024 2772 viiia,

172 2791 219 2859 'si
239 2796 343 2860 lentus
363 2793 458 2880 pigra
480 2790 617 2860 muniret
638 2805 743 2858 eastra
764 2793 915 2860 dolabras

254 3018 313 3073 225.
332 3021 410 3078 saltu]
427 3022 565 3069 ABDEFG.
586 3047 618 3061 -
636 3029 712 3069 cantu
730 3023 759 3070 C.
797 3021 857 3070 228.
876 3023 943 3070 Nero
955 3025 1000 3069 tuit
1018 3037 1048 3070 ex
1068 3029 1139 3084 gente
1152 3023 1268 3073 Domitia
1278 3029 1304 3071 et

182 3093 276 3139 familia
290 3093 501 3137 Aenobarbornus.
539 3090 599 3138 229.
619 3093 726 3138 Graecas
741 3091 833 3138 formas
853 3094 939 3139 babent
951 3095 997 3139 mei
1020 3108 1119 3151 omnes,
1139 3096 1181 3141 alii
1193 3097 1302 3140 Latinas.

183 3164 277 3206 Verum
297 3161 327 3207 de
349 3162 443 3207 Graeca
464 3175 563 3216 scaena,
585 3164 622 3207 cui
641 3162 708 3208 Nero
730 3176 828 3218 operam
849 3164 930 3218 dedit,
950 3164 988 3208 bic
1006 3177 1087 3208 serruo
1106 3169 1150 3211 est.
1186 3165 1304 3210 Ceterum
1387 3188 1389 3192 ·

181 3243 229 3276 sex
249 3232 312 3276 mei:
341 3236 367 3275 tu
384 3244 523 3288 personam
542 3245 587 3289 pro
605 3244 651 3276 seu
669 3246 698 3290 p.
748 3232 841 3287 Scripsi
858 3229 1016 3293 Melanippes
1038 3246 1082 3288 pro
1103 3235 1198 3293 uulgato
1212 3232 1305 3279 utone·

182 3300 275 3359 lippae.
294 3313 318 3345 v.
346 3300 486 3355 iuterprett.
512 3300 551 3355 Es
577 3302 740 3359 Melanippes,
760 3302 899 3347 Desmontis
920 3300 986 3356 tilia,
1018 3301 1141 3357 Neptunus
1168 3302 1306 3359 procrearit

182 3370 307 3415 Boeotum.
326 3373 350 3414 et
366 3369 479 3428 Aeolum.
514 3371 659 3416 Desmontes
673 3370 748 3416 liliam
768 3371 904 3416 exeaecavit
923 3375 946 3415 et
961 3372 985 3416 in
1003 3371 1149 3417 munimento
1171 3372 1305 3425 conclusit,

181 3438 289 3487 infantes
308 3444 387 3487 nutem
406 3438 466 3484 feris
488 3441 573 3495 proiiei
592 3441 672 3487 iussit.
715 3442 758 3487 llis
777 3453 848 3498 quum
877 3452 948 3484 succa
970 3439 1044 3484 ubera
1062 3441 1238 3495 praestitisset,
1264 3453 1307 3485 er·

183 3506 297 3556 meul'srli
319 3522 361 3554 eos
383 3510 522 3554 educarunt.
564 3509 643 3555 Adulti
661 3524 733 3568 quum
753 3513 849 3563 essent,
877 3509 958 3552 uarios
988 3513 1043 3563 post
1061 3513 1158 3554 eventus
1174 3514 1304 3564 <matresua

184 3579 223 3623 eui
243 3578 366 3634 Neptunus
392 3581 518 3624 oculorum
541 3580 620 3624 lumen
646 3581 765 3636 restituit,
803 3579 909 3624 custodia
937 3578 1078 3622 liberarunt.
1103 3591 1127 3626 v.
1156 3578 1222 3637 19η.
1240 3577 1304 3642 fab.

186 3645 247 3693 186.
284 3649 435 3706 'Tragoedias
453 3649 482 3692 de
508 3649 644 3704 Melanippa
671 3650 797 3694 exstabant
819 3647 961 3702 Euripidis,
983 3647 1069 3701 Ennii,
1100 3647 1179 3693 Accii.
1203 3661 1227 3692 v.
1248 3648 1303 3705 Cic.

186 3718 262 3762 Tusc.
282 3713 307 3773 3,
328 3715 353 3763 9.
373 3715 445 3762 offic.
467 3715 496 3771 1,
527 3713 569 3762 31.
593 3739 622 3751 -
648 3718 722 3762 Pauci
741 3717 817 3762 Godd.
837 3722 861 3762 et
879 3717 961 3761 Sebol.
981 3714 1122 3773 Menalippi
1139 3717 1157 3764 l.
1176 3730 1200 3766 e.
1222 3714 1307 3761 Mela·

185 3787 274 3846 nippi,
299 3800 371 3845 quern
388 3787 503 3840 Tydeus,
534 3787 571 3831 cui
600 3788 670 3836 letale
696 3787 780 3833 uulnus
803 3788 930 3845 adegerat,
959 3786 1046 3830 occidit
1075 3791 1230 3844 truurnmque
1251 3787 1306 3831 sius

185 3861 258 3912 eaput
274 3858 374 3905 arrosit.
401 3870 426 3901 r.
454 3857 515 3902 Stet.
535 3855 613 3900 Theb.
633 3855 658 3907 8,
680 3853 739 3901 719.
777 3853 836 3899 23t.
860 3853 967 3899 Bracari
984 3855 1076 3899 incolae
1095 3854 1188 3901 Galliae
1210 3853 1306 3899 neruo·

186 3926 285 3983 mensis,
309 3940 369 3984 quse
387 3925 492 3972 braouta
509 3925 582 3969 etiam
599 3924 737 3970 dicebatur:
762 3923 872 3968 Senones
896 3923 1077 3983 Lugdunenses.
1138 3921 1198 3968 235.
1217 3923 1307 3967 tunica

188 3992 303 4053 molesta]
321 3996 422 4049 „Vestis
443 4008 473 4040 ex
497 3994 578 4038 rbarta
599 3993 733 4048 („sparto”.
748 3992 842 4043 Crem.)
860 3993 940 4048 laeta,
960 3995 1011 4049 pire
1032 3994 1111 4048 illita,
1130 3993 1154 4038 iu
1173 4006 1218 4050 qua
1242 3991 1308 4050 iguis

187 4075 279 4118 poenae
300 4063 387 4108 addicti
403 4065 487 4108 ardere
508 4064 612 4108 solent.'’
630 4064 711 4108 Sebol.
747 4060 807 4107 239.
827 4063 897 4106 omni
915 4067 989 4122 gente
1008 4076 1051 4117 pro
1065 4063 1191 4118 uuiversa3
1211 4072 1307 4107 summo

188 4130 272 4176 labore
291 4138 400 4176 enneturu
418 4134 530 4189 populusu
548 4133 595 4178 uo.
615 4146 712 4178 seruare
734 4133 821 4175 studet.
858 4132 935 4177 Aliter
949 4133 1054 4188 explicat
1070 4131 1101 4176 G.
1121 4131 1151 4178 a.
1166 4131 1306 4177 Weberust

185 4202 234 4255 ·„iu
252 4202 316 4245 omui
335 4206 420 4263 geute,
448 4203 512 4246 iutra
529 4207 553 4246 et
570 4207 637 4246 entra
659 4201 766 4257 ltaliam;
797 4205 892 4245 constat
915 4202 979 4247 enisu
999 4202 1139 4245 coniuratos
1157 4203 1229 4245 etiarn
1249 4199 1307 4243 bar·

188 4271 276 4324 barus,
311 4283 334 4319 v.
355 4285 376 4317 e.
401 4270 561 4329 Allobroges,
592 4273 737 4330 coniungere
755 4270 802 4319 sibi
816 4271 959 4325 studuisse,
988 4284 1091 4328 quorum
1109 4271 1210 4316 consilia
1234 4270 1308 4318 irrita
