2782 4762
188 164 248 228 158

253 323 407 405 Quaeque
430 320 487 384 tibi
510 318 639 401 excepi,
664 320 725 383 iam
749 323 806 386 dea
831 323 1038 388 Leucothoe!

188 426 233 488 At
256 435 293 515 tu
314 423 369 486 rix
391 424 508 506 primas
532 424 691 486 extollens
715 423 843 508 gurgite
866 425 988 507 palnras

249 527 352 609 Saepe
375 547 477 588 meum
502 547 616 590 nornen
639 525 699 588 iam
722 525 864 609 peritura
888 549 999 591 vocas.

184 629 280 709 Quod
302 626 329 690 si
349 626 435 691 sorte
459 638 532 691 tuos
555 626 685 690 vidisset
709 627 851 691 Glaucus
875 624 1034 704 ocellos,

245 732 343 792 Esses
368 729 453 792 Ionii
474 729 559 791 lacta
583 729 689 811 puella
715 728 833 804 maris,

181 821 225 894 Et
246 829 304 893 tibi
329 833 372 893 ob
395 829 542 892 invidiam
566 829 720 894 Nereides
744 829 989 914 increpitarent,

248 932 387 997 Candida
411 934 555 1005 Nesaee,
580 932 705 994 caerula
729 931 925 1012 Cymothoe.

183 1036 246 1098 Sed
271 1035 326 1097 tibi
350 1032 492 1097 subsidio
515 1028 852 1114 delphinum-currere
876 1034 959 1110 vidi,

245 1136 336 1217 Qui,
360 1147 462 1217 puto,
488 1134 653 1199 Arioniam
678 1147 810 1198 vexerat
832 1148 904 1199 ante
928 1137 1045 1216 lyram:

180 1241 313 1321 Iamque
336 1259 399 1321 ego
422 1239 566 1299 conabar
587 1258 710 1300 summo
734 1257 782 1300 ane
804 1237 929 1302 mittero
950 1261 1049 1316 saxo,

244 1340 351 1420 Quom
377 1338 451 1430 mihi
476 1338 622 1402 discussit
645 1339 716 1402 talia
740 1338 806 1403 visa
830 1348 962 1404 tuctus.
1059 1324 1063 1331 ¹

468 1528 566 1590 cum
589 1527 656 1589 111.
682 1528 776 1606 (iv.)
798 1527 975 1592 nancta
998 1528 1029 1590 1.

181 1646 370 1713 Callimachi
393 1648 510 1711 Manes
533 1658 565 1710 et
588 1645 651 1710 Coi
673 1668 764 1709 saera
786 1647 948 1723 Philotae,

245 1754 284 1816 ln
308 1761 467 1823 vestrum,
492 1769 633 1834 quaeso,
658 1770 707 1811 tue
729 1747 823 1811 sinite
846 1747 893 1812 ire
916 1770 1038 1812 nemus.

181 1851 308 1916 Primus
332 1873 395 1936 ego
417 1850 584 1932 ingredior
606 1870 690 1933 pirro
713 1849 862 1913 delente
885 1853 1036 1913 sacerdos

244 1955 324 2017 Itala
347 1975 405 2036 per
429 1955 546 2016 Graios
569 1952 661 2036 orgia
684 1951 771 2014 serre
794 1953 927 2014 choros.

181 2054 306 2133 Dicite,
331 2076 397 2139 quo
419 2055 541 2138 pariter
563 2075 690 2117 carmen
714 2052 867 2115 tenuastis
890 2052 920 2114 iu
945 2065 1059 2129 antro,

244 2158 360 2238 Quove
383 2159 462 2239 pede
485 2155 644 2240 ingressi,
670 2177 805 2239 quaruve
828 2154 951 2217 bibistis
974 2155 1113 2238 aqiram‘?

179 2258 232 2320 Ah
255 2257 378 2332 valeat,
403 2259 570 2320 Phoebum
595 2256 773 2342 quicunque
795 2269 938 2320 moratur
960 2257 991 2319 in
1014 2258 1126 2321 arinis!

242 2361 385 2423 Exactus
408 2359 495 2421 tenui
516 2359 641 2442 pumice
664 2379 776 2421 versus
798 2371 866 2434 eat,

187 2451 268 2541 Quo
285 2481 334 2522 uie
357 2461 452 2524 Fama
474 2460 562 2523 levat
585 2471 670 2522 terra
693 2459 836 2523 sublimis
850 2473 890 2523 .et
913 2483 930 2524 a
953 2483 1003 2525 me

233 2650 272 2700 15.
303 2653 333 2697 ob
362 2650 483 2696 iuvidiam
510 2667 523 2698 e
548 2653 613 2720 ucat.
643 2653 691 2696 lae.
711 2650 767 2715 m·
799 2672 828 2684 ·-
851 2667 917 2711 pree
943 2651 1039 2714 invidio
1063 2653 1199 2713 Regiensis.
1219 2658 1294 2716 Vntg.

184 2721 223 2769 17.
244 2747 276 2758 -
295 2720 436 2768 subsidium
454 2721 512 2769 Alii.

554 2837 608 2882 nis.
631 2837 675 2882 tu.
695 2837 762 2896 (iv.)
781 2836 876 2882 susc.
899 2838 918 2882 ι.

232 2935 256 2980 1.
275 2934 376 2989 Scripta
394 2934 479 2978 Valeli.
500 2934 595 2981 Gallim.
614 2934 653 2978 El.
673 2935 760 2992 fragm.
783 2947 806 2989 p.
828 2933 852 2978 1.
880 2934 1005 2989 aptissima
1031 2934 1123 2979 scilieet
1144 2936 1296 2990 oppositione

180 3003 294 3049 Manium
315 3008 339 3047 et
367 3003 536 3058 scriptorum!
564 3002 646 3046 Sucro
669 3001 780 3048 Philetoe
808 3005 886 3059 utique
911 3001 1050 3057 explicanda
1075 3016 1104 3048 ex
1125 3003 1232 3049 Martial.
1257 3002 1295 3058 7,

182 3072 222 3118 62.
260 3073 342 3116 Sucro
360 3095 370 3106 ·
388 3068 506 3115 Maronia
524 3072 541 3114 i.
567 3087 590 3116 e.
616 3085 656 3115 ars
680 3073 818 3126 recondita,
839 3086 899 3128 qnae
924 3072 947 3114 iu
971 3072 1024 3126 ipso
1043 3074 1112 3125 ponta
1137 3075 1195 3116 olirn
1217 3073 1298 3118 fuerat

178 3147 249 3199 atquae
275 3141 409 3184 etiamnunc
438 3151 480 3194 por
508 3143 559 3184 ctos
586 3141 676 3194 scripta
702 3154 728 3185 se
751 3142 838 3196 prodit.
882 3139 984 3184 Diverso
1009 3142 1139 3194 paullulum
1161 3138 1296 3199 significatu

179 3210 250 3257 Orid,
270 3222 304 3252 ex
321 3207 398 3252 Ponto
416 3204 445 3262 3,
467 3206 496 3261 t,
518 3205 560 3253 67.
603 3208 666 3254 Sunt
683 3207 746 3253 mitt
763 3209 888 3254 nobiscnm
907 3210 1049 3252 eommunia
1064 3222 1158 3264 ancre,
1186 3209 1293 3266 potios,

179 3278 208 3322 ln
225 3283 308 3324 rutro
325 3276 427 3321 micaria
445 3277 469 3321 ai
486 3277 546 3321 lieet
562 3291 619 3321 esse
646 3275 738 3332 citor05
768 3284 791 3323 et
813 3279 885 3322 Pers.
905 3277 975 3321 Prot.
998 3275 1021 3322 7.
1041 3291 1119 3322 acero
1134 3283 1234 3333 cotom,
1266 3280 1295 3324 de

178 3348 284 3393 omnium
302 3349 428 3403 poetarum
442 3347 514 3391 vetuti
533 3348 659 3401 sodalitio,
679 3359 722 3390 sna
740 3359 809 3391 saera
824 3346 943 3399 habente,
965 3347 1004 3391 nbi
1025 3348 1119 3391 laudant
1142 3346 1251 3392 Platonis
1270 3348 1295 3392 in

178 3417 283 3481 Ilothyd.
304 3430 327 3471 p.
349 3413 407 3461 277.
428 3409 465 3464 ui
483 3409 548 3484 ἱερὰ
567 3410 604 3464 τὰ
622 3410 803 3476 σοφιστικὰ,
822 3417 885 3474 qnod
900 3420 979 3460 umen
997 3417 1166 3470 homonymum
1185 3419 1223 3461 est
1241 3412 1297 3479 τῆς

114 3528 120 3542 ,
177 3481 305 3549 τελετῆς.
342 3486 443 3540 Vulpins
455 3485 624 3540 interpretatus
642 3490 678 3528 est
694 3497 800 3542 menen
820 3486 862 3529 aad
881 3485 903 3528 in
926 3485 1003 3537 loeis,
1024 3498 1084 3542 qnos
1105 3487 1200 3538 laudat,
1220 3484 1292 3532 Ouid.

178 3557 238 3601 Met.
263 3553 309 3608 to,
331 3549 390 3599 696.
427 3555 494 3598 l'ast.
519 3551 548 3606 6,
569 3551 629 3600 449.
648 3566 693 3596 rex
712 3551 937 3612 socrantrobiqne
954 3552 1072 3612 significat
1094 3551 1169 3598 Dedin
1188 3554 1295 3597 simulo·

178 3638 233 3670 cro.
269 3624 397 3668 Paldarnns
415 3623 502 3677 accipit
523 3633 584 3676 pro:
605 3636 694 3676 „sacer
711 3622 832 3666 Phileta.'¹
850 3627 874 3666 et
891 3622 975 3666 lacohs
994 3620 1162 3677 (alemannie
1181 3636 1204 3677 p.
1221 3620 1294 3675 194.)

178 3707 266 3748 „saera
292 3692 400 3736 Philotae
411 3688 463 3750 sn'r
480 3689 528 3734 den
545 3689 657 3735 Philetus
675 3689 772 3744 solbat,
804 3689 850 3734 der
868 3687 933 3734 ancli
957 3692 1053 3735 arduom
1072 3689 1155 3746 Tode,
1189 3690 1234 3736 wie
1252 3689 1294 3738 die

177 3760 269 3806 Moneo
288 3758 438 3818 ilherhnnpt,
470 3757 580 3804 ludheren
596 3759 710 3805 Nntnren
734 3757 904 3818 deyanaiihlen
921 3760 983 3804 iat.”
1015 3757 1128 3804 Philetus
1145 3760 1294 3814 Praeceptor

177 3831 309 3876 Ptolemaei
333 3830 496 3888 Philadelphi,
515 3829 618 3884 scriptor
636 3829 767 3886 elegiarum
789 3833 812 3872 et
832 3829 1048 3885 epigrammatum,
1074 3829 1144 3871 cuius
1158 3827 1293 3886 fragmenta

178 3900 276 3958 collegit
295 3898 348 3947 ldie.
368 3899 470 3944 Bachius
491 3899 567 3945 ltalia.
590 3894 665 3944 182⁹.
686 3895 711 3940 8.
767 3894 791 3941 4.
813 3898 908 3940 tullium
925 3899 1026 3942 alterins
1048 3897 1138 3955 elegiae
1165 3909 1291 3951 perperene

177 3969 202 4012 lt.
222 3969 239 4012 l.
259 3969 377 4012 intrusum
394 3969 468 4013 tuisse
487 3967 538 4011 sine
557 3979 628 4010 causa
646 3966 779 4020 suspicatur
797 3967 902 4020 vasten,
922 3967 960 4023 qui
979 3968 1092 4009 audacter
1110 3979 1133 4009 r.
1155 3962 1179 4009 4.
1201 3965 1233 4008 ita
1252 3978 1291 4008 re·

176 4035 258 4094 fingit:
278 4033 361 4080 Grato
379 4050 426 4092 per
439 4035 543 4080 Italicos
560 4035 635 4094 orgia
646 4030 722 4092 sem
740 4032 843 4087 choros,
865 4036 928 4093 quod
941 4035 1138 4092 interpretatione
1157 4034 1203 4076 iam
1223 4046 1292 4088 prae·

176 4109 273 4160 caperat
289 4105 447 4150 herinannus.
485 4105 615 4162 vulgatae,
640 4107 782 4161 quaereeto
806 4103 886 4158 habet,
911 4101 1058 4160 significatos
1077 4107 1131 4147 est:
1160 4102 1249 4166 Pottsiu
1269 4114 1290 4159 s.

178 4175 256 4228 potius
274 4174 374 4232 elegiam
402 4176 522 4218 dorntaxat
546 4172 656 4216 Latinam
678 4172 799 4228 primeca,
826 4173 898 4229 (quod
918 4176 995 4216 taruco
1014 4185 1042 4217 er
1070 4173 1142 4219 solito
1166 4169 1291 4226 portarunt

177 4243 341 4288 Romanorum
360 4256 428 4287 moro
446 4242 534 4285 dictum
553 4241 577 4286 h.
598 4241 615 4284 l.
635 4239 706 4284 iciunis
724 4242 855 4299 urgendum
874 4254 920 4285 non
939 4238 987 4299 est)
1005 4240 1153 4286 conlorinari
1173 4240 1202 4283 ad
1214 4238 1290 4284 Grae·
