2782 4762
210 358 214 367 ’
317 360 370 426 Sic
393 381 458 445 ego
482 359 610 435 Gallos3
634 379 736 444 neque
760 358 803 422 mi
823 358 941 424 licebat

318 467 405 531 Orsa
427 463 553 527 mutatis
575 474 706 526 teniuarc
728 462 849 526 verbis.

318 568 430 631 Gallus
453 577 485 631 et
507 567 647 651 linguam
670 565 756 630 subit
778 576 810 630 et
832 576 998 630 moventes

403 668 552 735 Carmina
575 692 707 734 nervos.

319 813 441 895 Sponte
465 813 593 874 vocales
616 833 753 874 sonuere
775 831 887 874 venae.

319 920 443 999 Sponte
466 935 633 978 succussae
656 926 817 978 tremuere
839 916 993 978 chordae.

319 1021 417 1083 Haud
438 1018 498 1081 mei
520 1017 617 1092 iuris,
640 1016 755 1099 rapido
778 1018 908 1082 ferebar

403 1120 556 1185 Flaminis
580 1132 703 1185 oestro.

321 1262 434 1343 Qualis
456 1262 487 1325 in
511 1273 612 1344 ponto
637 1261 725 1326 volat
748 1273 818 1324 acta
840 1262 952 1338 navis,

319 1366 404 1430 Vela
428 1387 524 1448 quom
548 1377 681 1449 turgens
703 1365 838 1429 sinuavit
860 1366 981 1429 Eurus.

319 1469 380 1533 Illa
403 1490 462 1532 nec
483 1480 596 1532 nautae
621 1467 771 1552 gemitum
795 1490 854 1532 nec
874 1468 956 1533 ictus

405 1570 552 1656 Remigis
575 1571 676 1634 audit.

320 1712 420 1778 Nitor
443 1715 610 1776 adversum
633 1725 751 1778 tamen.
797 1715 850 1777 Ah
873 1725 905 1777 ct
928 1715 1007 1779 eheu

319 1818 456 1902 Vaeque
479 1814 606 1879 dicturo
631 1815 825 1900 miserasque
848 1818 972 1893 clades,

321 1921 464 1985 Gallicus
486 1922 596 1985 Paean
620 1933 651 1984 et
671 1924 707 1985 io
730 1922 863 1983 resultat
908 1964 911 1972 -

407 2023 551 2096 Gallicus
573 2026 680 2088 Euan.

323 2169 506 2230 Teutonum
529 2177 639 2248 captus
662 2179 710 2229 ter
733 2183 845 2226 amore
865 2165 1010 2227 Francos

322 2267 483 2332 Tristibus
507 2269 689 2351 dirisparo
714 2270 896 2330 devovere:

320 2371 410 2435 Iussa
433 2383 483 2434 ter
505 2370 642 2436 Francis
665 2369 776 2435 melius
799 2381 928 2452 precata
951 2380 998 2433 est

405 2472 508 2537 Plena
530 2474 604 2537 Deo
627 2496 728 2538 mens.

322 2615 368 2680 Ut
389 2613 537 2678 laboravi
559 2614 739 2700 srcmuiquc
762 2627 895 2680 contra:

323 2717 437 2783 Castra
459 2716 625 2782 fortunent
648 2719 824 2782 Alemauua
845 2719 942 2784 Divi!

322 2821 453 2884 Martiis
476 2823 586 2883 aether
608 2821 720 2905 aquilis
743 2825 914 2886 secundum

406 2923 545 2987 Acciuat
562 2926 672 2987 omen!
967 2922 970 2927 ’

322 3064 442 3150 Frigus
463 3064 579 3128 invasit
601 3064 719 3150 digitos
743 3076 774 3127 et
795 3066 933 3143 horror,

325 3169 452 3250 Torpet
473 3167 581 3232 inluso
604 3189 713 3231 manus
736 3187 754 3230 a
777 3178 922 3233 veterno.

322 3273 451 3353 Aspera
474 3270 558 3334 sensi
580 3271 683 3355 glacie
706 3269 809 3355 rigari

408 3376 528 3438 Pectus
550 3385 583 3437 ct
604 3394 676 3439 ora.

324 3514 437 3595 Qualis
462 3536 478 3577 e
501 3515 603 3579 somni
627 3517 741 3580 nebula
766 3514 893 3580 locutus

324 3618 454 3680 Trunca
476 3616 607 3681 molitur
629 3617 696 3682 sine
719 3630 823 3682 mente
845 3621 965 3696 verba,
1064 3688 1067 3694 ,

323 3720 465 3784 Luctor.
509 3722 563 3795 „0
588 3722 777 3799 Germania,
801 3721 933 3804 pelle,'’
956 3720 1040 3799 dixi,

409 3824 601 3908 „Languida
623 3825 750 3890 curas.’'

325 3965 498 4050 „Regnum
522 3965 585 4029 eris
606 3965 684 4030 felix
706 3966 884 4051 iterumque
907 3966 1056 4050 deinceps

326 4069 506 4142 „Hostibus
529 4070 701 4134 Germania
723 4071 808 4134 clara
828 4069 935 4135 victis.

326 4172 558 4248 „Invidendum
581 4197 696 4240 nomen
718 4172 851 4238 habebis
874 4185 968 4257 atque

406 4276 653 4352 '‚‚Cnnsiliornm
