2782 4762
197 361 236 422 In
260 363 337 423 vada
359 359 525 442 pampinea
549 357 716 420 desiluisse
738 369 827 433 rate,

133 464 179 527 Et
200 461 259 525 tibi
280 484 339 546 per
362 461 493 525 mediam
516 462 596 522 bene
619 459 736 522 olentia
758 458 886 522 flumina
910 458 1054 532 Naxon,

198 565 290 628 Unde
311 574 398 626 tuum
421 571 515 644 potat
537 560 642 624 Naaia
664 563 760 623 turba
784 581 914 625 merum.

135 664 276 732 Candida
299 664 413 727 laxatis
437 675 572 727 onerato
595 664 677 725 colla
701 660 865 741 corymbis
933 646 936 657 ’

199 766 318 850 Cinget
340 765 526 829 Bassaricas
547 765 651 843 Lydia
675 763 765 826 mitra
788 785 908 828 comas.

62 939 65 952 ⁸
134 868 235 932 Levis
258 871 395 931 odorato
417 867 530 950 cervix
553 866 692 928 manabit
714 864 804 928 olivo

198 971 242 1032 Et
263 969 361 1032 series
383 973 485 1032 nudos
510 981 598 1031 veste
620 969 737 1030 fluente
760 971 872 1050 pedes.

135 1072 252 1136 Mollia
276 1071 433 1134 Dircaeae
455 1072 624 1152 pulsabunt
645 1081 795 1151 tympana
819 1062 969 1144 Thebae,

200 1173 399 1256 Capripedes
422 1175 544 1236 calamo
567 1175 673 1236 Panes
695 1172 802 1234 hiante
825 1184 956 1248 canent,

134 1277 269 1340 Vertice
292 1275 456 1358 turrigero
478 1275 566 1337 iuxta
590 1276 646 1337 dea
670 1295 784 1356 magna
808 1273 942 1352 Cybebe

198 1380 327 1441 Tundet
350 1381 390 1439 ad
412 1377 528 1440 Idaeos
551 1376 696 1454 cymbala
718 1395 816 1437 rauca
839 1377 970 1442 choros.

134 1488 220 1544 Ante
242 1480 331 1542 sores
355 1479 464 1560 templi
486 1490 629 1541 craterae
654 1476 802 1539 antistitis
825 1499 907 1541 auro

197 1580 349 1643 Libatum
372 1581 505 1644 fundent
527 1579 558 1641 in
581 1591 633 1642 tua
657 1601 748 1643 saera
773 1602 907 1644 merum.
936 1651 939 1655 ⁴

134 1685 226 1768 Haec
249 1690 311 1766 ego'
334 1704 397 1746 non
420 1682 530 1750 humili
551 1683 690 1744 referam
716 1686 917 1746 memoranda
941 1687 1119 1759 cothurno,

199 1785 308 1865 Qualis
333 1785 508 1849 Pindarico
531 1784 661 1866 spiritus
687 1805 744 1847 ore
767 1796 869 1847 tonat.
1214 1787 1255 1845 110

135 1889 189 1950 'l'u
211 1890 307 1951 modo
330 1887 463 1949 servitio
488 1908 621 1949 vacuum
644 1907 693 1948 me
716 1885 791 1948 siste
813 1890 956 1968 superbo

201 1990 311 2072 Atque
334 1991 397 2052 boc
418 1989 588 2052 sollicitum
613 1988 702 2051 vince
725 2009 845 2069 sopore
869 1999 978 2070 caput.

303 2176 381 2238 Lus.
405 2174 470 2238 III.
509 2174 689 2238 ELEGIA
711 2174 832 2237 XXII.
856 2175 934 2254 (IV.
958 2175 1094 2253 XXII.)

140 2293 273 2380 Frigida
296 2305 358 2357 tam
382 2296 501 2359 multos
523 2293 644 2376 placuit
665 2295 723 2358 tibi
746 2295 886 2374 Cyzicus
909 2317 1028 2370 annos,

198 2398 312 2472 Tulle,
337 2397 559 2478 Propontiaca
583 2418 644 2480 qua
667 2397 737 2459 fluit
760 2397 901 2460 Isthmos
924 2408 1024 2479 aqua}

132 2499 312 2579 Dindymus
335 2509 366 2562 et
389 2518 498 2563 sacrae
520 2499 676 2561 fabricata
698 2500 829 2562 iuvenca
855 2499 1008 2579 Cybebae

196 2600 416 2684 Raptorisque
439 2601 511 2662 tulit
533 2623 596 2684 qua
619 2601 668 2663 via
691 2600 774 2663 Ditis
799 2623 913 2686 equos.

134 2824 163 2866 ad
184 2821 281 2866 Lucret.
303 2819 336 2874 2,
359 2819 417 2866 618.
460 2821 496 2865 Ad
516 2822 576 2866 Cdd.
598 2825 707 2868 ordinem
725 2824 820 2867 rediere
840 2822 888 2866 lac.
909 2820 955 2866 Le.
1011 2819 1052 2866 36.
1073 2820 1172 2867 Tondet
1190 2824 1255 2869 Scal.

134 2893 195 2937 coni.
216 2891 315 2935 retinuil
331 2889 378 2934 L2.
400 2910 432 2923 -·
450 2890 499 2934 Iac.
520 2905 573 2934 curu
592 2892 652 2936 Cdd.
665 2889 769 2951 fundet.
826 2888 867 2936 37.
894 2896 1010 2934 craterus
1028 2892 1083 2936 dedi
1099 2905 1128 2934 ex
1147 2893 1208 2936 Cod.
1231 2891 1255 2936 1.

133 2963 208 3017 (atius
226 2957 348 3016 cratere.)
367 2961 455 3016 reliqui
469 2966 493 3004 et
510 2962 582 3018 uulgo
601 2968 701 3018 erotem
714 2957 826 3019 fundent
839 2962 866 3004 de
883 2961 946 3004 roni.
960 2957 1134 3020 profundens.
1149 2984 1182 2996 ·-
1196 2957 1256 3004 Cro·

132 3036 171 3074 ter
184 3055 194 3066 ·
213 3055 223 3064 -
231 3025 326 3090 fundet
342 3030 439 3073 volebat
456 3030 560 3093 Bur-m.;
581 3033 621 3074 sed
640 3031 783 3086 Propertius
803 3031 825 3073 in
845 3031 888 3074 hac
907 3032 1049 3085 pentametri
1066 3030 1122 3074 sede
1141 3044 1258 3087 nusquam

132 3099 244 3154 producit
267 3099 384 3152 syllabam
402 3099 520 3152 brevem,
550 3101 596 3143 nisi
614 3101 638 3143 iu
656 3113 728 3145 versu
744 3101 848 3144 fortasse
867 3102 950 3155 spurio
968 3097 1002 3154 2,
1030 3097 1072 3144 21.
1093 3096 1129 3154 (3,
1152 3098 1192 3144 16.
1212 3096 1257 3157 L.)

133 3166 158 3216 4.
197 3169 277 3211 Meam
299 3168 419 3212 rationem
439 3168 573 3222 probarunt
594 3169 679 3214 Ine-obs
707 3175 731 3214 et
749 3168 830 3214 Iacob.
851 3170 942 3212 Contra
961 3167 1007 3214 L2.
1028 3172 1113 3212 crater
1132 3170 1257 3215 antistitis

133 3261 143 3271 ·
162 3261 172 3271 ·
183 3232 315 3294 fundens,
344 3250 390 3293 qua
415 3239 609 3292 constructione,
641 3239 701 3283 baud
732 3241 791 3284 satis
819 3240 938 3296 intelligo.
975 3239 1090 3283 Fortasse
1110 3240 1257 3298 cogitatIone

133 3307 291 3366 supplendum
308 3310 376 3350 ratus
396 3311 450 3350 est:
470 3308 590 3360 „tundens
609 3309 681 3352 e1·it.'’

410 3421 465 3466 Lm.
487 3423 532 3470 111.
569 3423 666 3468 nuuc.
686 3424 771 3467 xxm
792 3425 845 3479 (iv.
865 3412 962 3478 xxti.)

203 3509 227 3554 1.
247 3505 356 3568 Cyzicus
379 3509 437 3553 urbs
462 3511 555 3564 Mysiae
579 3511 681 3555 rniunris
700 3513 728 3554 ad
746 3511 919 3564 Propontidem
946 3511 968 3553 in
988 3511 1067 3554 insula
1086 3511 1177 3554 duobus
1197 3525 1256 3566 pon·

133 3579 196 3624 tibus
227 3580 356 3624 continenti
381 3579 469 3623 iuncte.
542 3577 566 3623 3.
598 3575 757 3643 Δίνδυμος,
787 3572 860 3649 ὄρος
889 3577 1035 3640 Κυζίκου,
1063 3574 1145 3648 ἱερὸν
1173 3575 1257 3640 Ῥέας

132 3649 214 3693 Schol.
245 3650 353 3703 Apellen.
382 3647 412 3702 1,
434 3645 495 3694 985.
516 3673 548 3682 -
568 3648 644 3692 Codd.
664 3649 867 3703 omues-habent:
897 3662 974 3692 socru
991 3644 1126 3707 fabricato
1145 3648 1253 3694 invento.

82 3736 84 3738 ’
132 3720 206 3761 Voss.
231 3719 259 3760 ad
282 3718 370 3761 Catull.
400 3731 424 3772 p.
454 3715 513 3762 161.
543 3720 638 3776 egregie
655 3719 789 3762 emendavit
809 3732 900 3762 sacrae
920 3715 1052 3775 febriente
1078 3718 1201 3775 iuvenco,
1230 3723 1256 3762 ut

131 3786 275 3842 respicIatur
309 3789 337 3830 ad
359 3788 482 3830 iuvencam
507 3800 687 3842 ruarmoream‚
720 3788 743 3830 iu
760 3788 872 3840 Cybebae
892 3789 999 3839 sacello,
1021 3788 1083 3842 quod
1102 3787 1192 3830 eratin
1213 3801 1255 3830 au·

131 3861 170 3899 tro
192 3856 328 3906 Lobrmae‚
354 3857 443 3899 montis
463 3855 589 3910 Cszceui,
613 3857 702 3913 inquo
722 3858 824 3914 Magnae
844 3857 917 3899 Matri
937 3861 960 3899 et
975 3855 1051 3898 Attiui
1066 3853 1154 3898 fiebant
1174 3861 1254 3899 tauro·

131 3925 205 3968 bolla.
262 3921 286 3968 lt.
307 3925 342 3968 De
361 3925 523 3979 Proserpinae
542 3931 629 3980 raptu,
651 3940 719 3982 quem
739 3927 846 3982 plerique
864 3925 980 3968 instetur
993 3925 1081 3967 factum
1099 3938 1152 3968 esse
1170 3940 1254 3969 narra-

130 3994 202 4049 bant,
232 3994 274 4037 alii
296 3996 332 4037 vel
361 3995 384 4037 in
412 3993 506 4047 Attica,
538 3995 575 4038 vel
598 3995 621 4037 in
646 3994 719 4038 Creta
745 3995 835 4049 (Schol.
859 3996 898 4037 ad.
925 3996 984 4037 lles.
1007 3993 1101 4051 'l'beog.
1127 3991 1197 4049 913.)
1218 3997 1253 4039 vel

130 4065 192 4118 apud
214 4062 335 4106 Oceanum
352 4063 474 4118 (Orpbeus
487 4063 579 4122 Argon.
603 4060 693 4118 1201.)
710 4065 748 4108 vel
761 4065 823 4118 apud
840 4063 930 4118 Nysam
948 4056 1051 4123 (Hymn.
1066 4063 1089 4106 in
1111 4064 1159 4108 Cer
1189 4062 1252 4117 17.),

130 4144 188 4176 suos
207 4138 319 4176 auctores
337 4133 361 4176 h.
382 4134 400 4176 t.
420 4137 516 4176 secutus
535 4138 572 4176 est
591 4132 751 4188 Propertius,
773 4133 812 4189 qni
834 4135 863 4176 ad
882 4131 1014 4186 Cyzicum,
1035 4147 1048 4176 a
1069 4131 1125 4178 love
1150 4133 1254 4177 Proser·

130 4202 199 4256 pinae
219 4201 268 4244 doti
288 4204 381 4256 datam,
401 4214 456 4246 eum
474 4201 611 4258 1·eterreut;
631 4203 669 4245 vet
691 4199 824 4260 significat,
845 4203 902 4246 illuc
921 4213 1021 4258 usquee
1040 4202 1166 4246 Trinacria
1178 4203 1254 4247 Deam

130 4276 260 4326 ereptore
280 4271 352 4316 latam
369 4271 453 4317 fulsse.
475 4271 520 4316 cfr.
542 4271 648 4316 Creuzer
668 4271 792 4325 symbolik
811 4264 836 4327 l,
856 4285 881 4327 p.
903 4266 943 4318 79.
