2782 4762
170 171 231 233 152

169 332 264 416 Nape
285 342 386 393 autem
409 327 506 394 sacris
529 326 675 391 Baiarum
700 327 832 389 maxima
854 326 1011 407 lymphis,

236 433 343 512 Quom
365 455 399 495 se
421 451 588 514 purpureo
612 451 689 492 vere
712 428 842 491 remittit
864 431 991 493 humus.
1015 420 1020 435 ⁸

170 520 217 596 At'
239 534 312 597 mihi
335 534 547 614 Persephone
568 531 689 614 nigram
714 529 876 593 denuntiat
897 531 1030 595 horam:

233 635 401 704 Immerito,
421 633 529 696 iuveni
550 654 646 714 parce
670 652 804 707 nocere,
829 634 908 694 dea!

170 739 246 800 Non
270 759 333 820 ego
356 737 476 798 tentavi
490 737 574 807 ,nulli
598 737 777 797 temeranda
799 732 927 814 piorum

232 840 351 902 Audax
374 839 545 899 laudandae
568 857 660 898 sacra
682 838 798 908 docere
817 837 915 927 deae3
942 880 944 884 »

106 935 107 938 “
169 942 240 1002 Nec
262 961 330 1001 mea
353 937 524 1002 mortiferis
547 938 656 1001 infecit
676 937 793 1018 pocula
814 937 917 999 succis

232 1043 374 1104 Dextera
399 1062 457 1101 nec
479 1039 624 1121 cuiquam
647 1038 722 1101 trita
745 1058 865 1101 venena
888 1037 993 1110 dedit3

169 1145 240 1205 Nec
262 1164 320 1205 nos
343 1141 489 1224 sacrilegi
510 1140 633 1221 templis
656 1138 853 1202 admovimus
874 1138 985 1221 igness

231 1242 302 1305 Nee
323 1263 381 1303 cor
403 1241 573 1304 sollicitant
592 1239 676 1302 sacta
699 1240 831 1302 nefanda
854 1261 973 1312 mcum;

170 1344 243 1406 Nee
264 1363 325 1405 nos
344 1343 471 1404 insanae
495 1341 678 1405 meditantes
700 1341 803 1424 iurgia
826 1341 937 1404 mentis

234 1443 335 1524 Impia
356 1444 387 1505 in
411 1445 565 1506 adversos
587 1443 740 1506 solvimus
763 1464 821 1506 ora
844 1445 946 1506 deos:
1068 1499 1071 1505 .

171 1548 216 1608 Et
237 1547 377 1608 nondum
399 1544 469 1606 cani
490 1543 602 1627 nigros
624 1545 746 1607 laesere
769 1544 921 1626 capillos,
1018 1530 1021 1536 ’

233 1647 304 1709 Nec
327 1645 414 1708 venit
435 1649 527 1708 tardo
550 1668 647 1708 curva
670 1658 795 1709 senecta
817 1651 911 1728 pede.

169 1749 316 1812 Natalem
339 1747 444 1830 primo
466 1761 610 1812 nostrum
634 1749 742 1810 videre
765 1760 933 1829 parentes,

197 1859 199 1862 ’
234 1850 340 1929 Quom
365 1849 477 1912 cecidit
498 1850 567 1913 sato
590 1850 857 1930 consuluterque
878 1851 962 1932 pari.

170 1948 255 2032 Quid
275 1953 422 2015 fraudare
444 1952 532 2015 iuvat
555 1951 648 2013 vitem
671 1950 887 2032 crescentibus
909 1952 979 2014 uvis

233 2056 277 2116 Et
300 2056 396 2116 modo
419 2064 490 2116 nata
513 2055 592 2116 mala
616 2053 733 2115 vellere
755 2073 852 2133 poma
873 2053 989 2141 manu?

169 2155 320 2230 Parcite,
344 2156 500 2235 pallentes
524 2157 622 2217 undas
644 2156 824 2238 quicunque
847 2155 962 2217 tenetis

232 2257 386 2340 Duraque
408 2255 514 2319 sortiti
535 2255 630 2319 tertia
651 2277 751 2339 regna
774 2255 837 2318 dei.

86 2396 89 2400 ι
169 2357 298 2437 Elysios
321 2357 398 2420 olim
418 2357 510 2420 liceat
533 2378 732 2441 cognoscere
755 2378 886 2438 campos

232 2460 472 2543 Lethaeamque
494 2471 596 2522 ratem
621 2457 875 2540 Cimmeriosque
897 2458 1001 2534 lacus,

172 2561 279 2640 Quom
302 2582 367 2624 mea
392 2582 512 2646 rugosa
533 2562 698 2643 pallebunt
721 2580 779 2623 nra
801 2573 928 2622 senecta

234 2663 280 2724 Et
300 2661 437 2723 reseram
459 2660 567 2743 pueris
580 2656 736 2742 'tempora
757 2660 863 2741 prisca
885 2681 994 2724 senex.

169 2764 279 2845 Atque
301 2764 417 2825 utinam
442 2784 527 2826 vano
549 2761 762 2846 nequidquam
785 2772 910 2824 terrear
933 2768 1043 2825 aestu!

233 2867 404 2948 Languent
425 2875 475 2926 ter
498 2863 613 2947 quinos
636 2865 692 2926 sed
714 2884 782 2926 mea
805 2865 944 2927 membra
966 2863 1045 2927 dies.

169 2966 214 3028 At
236 2966 330 3029 vohis
353 2969 477 3028 Tuscae
500 2965 701 3028 celebrantur
722 2965 846 3028 numina
867 2966 1014 3048 lymphae

233 3069 277 3128 Et
298 3066 401 3128 facilis
419 3067 506 3130 'lenta
527 3067 657 3148 pellitur
677 3071 760 3129 unda
783 3090 889 3131 manu.

172 3167 282 3230 Vivite
304 3167 432 3244 retices,
456 3189 612 3250 memores
636 3179 667 3230 et
690 3168 789 3232 vivite
811 3172 930 3247 nostri,

234 3270 308 3332 Sive
332 3270 448 3332 erimus
471 3292 528 3332 sen
550 3291 609 3334 nos
631 3271 712 3332 Fata
733 3270 833 3334 fnisse
857 3274 980 3336 volent.

74 3387 77 3392 ’
170 3374 297 3435 Interea
321 3371 431 3456 nigras·
453 3375 591 3454 pecudes
614 3370 792 3454 promittite
815 3373 883 3435 Diti
952 3405 956 3408 ·

91 3461 94 3466 ⁵
234 3476 280 3537 Et
302 3473 386 3537 nivei
407 3474 497 3536 lactis
520 3474 636 3555 pocula
660 3472 756 3535 mixta
780 3493 881 3536 mero.

222 3695 246 3741 3.
262 3696 385 3754 proximo
404 3696 501 3750 Sciopp.
521 3695 603 3739 Heius.
629 3696 701 3750 anp.
724 3693 796 3740 Nunc
815 3709 927 3755 aequone
945 3723 960 3733 -
978 3696 1064 3741 mutatu
1082 3700 1112 3742 V.
1133 3702 1197 3748 coni.
1223 3702 1287 3746 Corr-

170 3772 236 3810 strue
255 3779 309 3810 cnm
330 3765 435 3809 Hnsehls.
458 3763 545 3818 „raudo
563 3764 679 3808 maximo
699 3766 784 3809 coeris
802 3763 914 3824 lymphis
934 3761 1090 3820 Boiurnm‚’'
1110 3779 1169 3823 qnae
1189 3776 1288 3825 propter

170 3833 276 3890 lymphas
291 3835 400 3878 salubres
418 3834 522 3876 maxime
536 3834 680 3878 celebrator.
719 3831 742 3877 7.
759 3835 861 3891 piorum
881 3835 949 3890 Itali,
968 3835 1029 3880 Exr.
1049 3835 1138 3880 Colotii
1149 3867 1156 3892 ,
1178 3837 1285 3886 Husrhlt.

168 3903 272 3947 Plurimi
292 3903 384 3948 Codd.:
408 3924 437 3935 -·
457 3900 574 3956 deorum,
606 3903 823 3958 sicqueLachm.,
855 3901 920 3949 nulld
939 3900 1208 3962 sententit;pautern
1228 3908 1288 3952 etcl

170 3973 311 4026 saepissime
327 3973 502 4016 contunduntur
519 3972 542 4014 in
563 3971 622 4016 cdd.
642 3971 705 4024 Alii,
726 3977 752 4014 ut
769 3975 822 4016 edd.
845 3974 973 4031 pleraeque
991 3974 1103 4017 virorum
1121 3976 1153 4020 V.
1174 3975 1203 4019 B.
1223 3978 1288 4032 quod·

169 4041 258 4086 rectius
277 4041 356 4096 ntique
375 4041 488 4102 haberet,
521 4041 541 4083 si
557 4053 633 4083 roera
650 4038 792 4084 landradae
820 4047 900 4086 essent
920 4044 981 4087 ritus
1003 4038 1088 4085 Bonos
1124 4041 1209 4097 Deae,
1243 4059 1287 4088 ner

133 4136 137 4143 ·
168 4130 227 4160 vero
240 4109 318 4164 potins
337 4106 436 4153 Cereris
454 4123 482 4154 ac
497 4107 603 4152 Liberae
610 4121 621 4162 ;
640 4109 684 4153 hae
704 4110 767 4153 enim
785 4109 894 4174 σεμναὶ
910 4107 992 4164 θεαί,
1013 4123 1036 4154 ν.
1051 4113 1116 4156 Sesl.
1136 4117 1160 4157 et
1178 4113 1285 4158 Huschk,

168 4184 275 4248 (τίμιοι
301 4175 377 4226 θεῶν
394 4178 465 4222 Pind.
486 4179 526 4223 Ol.
547 4175 578 4232 2,
610 4175 669 4222 117.
689 4178 729 4220 rix
747 4177 792 4224 hnc
811 4179 950 4236 pertinent.)
986 4179 1217 4236 moneodanum,
1243 4196 1287 4224 ca-

168 4253 260 4301 lendae
278 4247 352 4293 Pure.
409 4245 433 4292 8.
453 4261 555 4292 cernere
574 4243 662 4303 encra]
681 4247 712 4292 V.
731 4252 793 4300 coni,
852 4253 893 4301 10.
913 4250 973 4298 trito
992 4263 1004 4294 e
1023 4250 1067 4298 Cd.
1085 4251 1131 4313 R,
1150 4251 1217 4296 cuins
1235 4263 1286 4296 ma-
