2782 4762
102 352 212 429 Atque
235 342 351 407 utinam
375 337 484 422 primis
508 337 640 399 animam
665 353 712 396 ane
734 351 857 415 ponere
880 329 969 393 crinis

165 445 315 509 Iussisset
338 439 469 525 quaevis
492 441 531 501 de
552 437 655 499 tribus
678 455 739 497 uiua
763 437 881 496 soror!
913 478 916 483 -

104 550 185 611 Nam
209 557 359 630 quotam
383 542 496 605 dubiae
518 549 666 602 servetur
688 535 818 618 spiritus
841 532 967 597 horae?

168 647 320 712 Nestoris
343 656 390 708 est
414 643 501 708 visus
522 651 599 722 poet
620 637 680 702 tria
702 637 787 700 secla
805 634 897 698 cinis.

107 751 169 816 Cui
191 750 219 812 si
241 761 303 810 tam
326 749 442 828 longae
465 742 627 805 minuisset
648 740 714 802 sata
737 748 883 800 senectae

169 848 312 914 Gallicus
332 845 438 911 Iliacis
461 843 549 906 miles
570 842 603 904 in
624 841 812 925 aggeribus,

106 955 182 1016 Non
204 952 256 1014 ille
278 947 443 1013 Antilochi
467 945 598 1008 vidisset
619 963 738 1025 corpus
760 938 902 1012 hiemari3

168 1054 300 1120 Diceret
326 1061 402 1113 aut:
427 1048 479 1121 „0
502 1067 608 1120 mors,
632 1065 691 1106 cur
712 1041 788 1106 mihi
808 1044 880 1104 'sera
904 1037 1043 1102 venis?”

108 1159 160 1218 Tu
182 1166 287 1216 tamen
310 1151 425 1214 amisso
448 1170 513 1212 uon
536 1167 695 1230 utinquam
717 1143 809 1206 flebis
832 1141 952 1205 amico:
1039 1206 1042 1211 ,

169 1257 233 1318 Fas
256 1264 303 1316 est
324 1250 515 1336 praeteritos
538 1267 663 1328 semper
685 1267 791 1308 amare
812 1243 915 1307 viros.

108 1357 235 1432 Testis,
259 1355 311 1418 cui
332 1354 460 1416 niveum
483 1352 643 1432 quondam
665 1345 822 1430 percussit
844 1344 973 1409 Adonin

112 1497 116 1504 ·
168 1461 349 1520 Venantem
372 1451 477 1517 Idalio
499 1451 619 1514 vertice
641 1451 739 1535 durus
763 1469 861 1529 aper:

106 1559 175 1622 Illis
196 1559 375 1621 formosum
396 1553 531 1617 iacuisse
552 1552 738 1635 paludibus,
762 1551 838 1613 illuc

169 1657 297 1722 Diceris
320 1658 420 1721 effusa
442 1667 496 1731 tu,
521 1657 655 1730 Venus,
680 1653 742 1714 isse
765 1671 869 1714 coma.

109 1763 172 1824 Sed
192 1761 312 1822 frustra
336 1771 440 1821 mutos
462 1755 653 1830 revocabis,
679 1753 837 1833 Cynthia,
862 1753 1006 1825 Manes:

171 1864 253 1925 Nam
276 1881 344 1924 mea
366 1858 444 1945 quid
464 1869 617 1939 poterunt
639 1877 710 1919 ossa
734 1853 851 1917 minuta
873 1853 990 1938 loqui?
1015 1890 1016 1894 =

390 2047 495 2109 Linus¹
512 2043 561 2106 ll.
605 2040 784 2106 ELEGIA
804 2039 937 2104 XXVI.

108 2166 187 2230 Vidi
209 2178 240 2228 te
262 2166 295 2228 in
316 2165 435 2230 somnis
457 2165 578 2244 fracta,
604 2183 671 2226 ntea
694 2162 778 2237 vita,
803 2159 909 2233 carina

171 2267 269 2331 Ionio
290 2269 388 2331 lassae
411 2270 526 2329 deicere
549 2286 626 2329 rore
649 2285 776 2335 manuus,

107 2373 152 2432 Et
173 2390 380 2454 quaecunque
400 2369 433 2431 in
457 2389 506 2430 me
528 2368 635 2429 fueras
656 2364 786 2428 mentita
808 2364 903 2428 fateri
925 2387 928 2391 ’

171 2473 242 2533 Nec
262 2471 323 2533 iam
345 2473 480 2533 humore
503 2489 618 2553 graues
639 2467 757 2531 tollere
778 2486 875 2547 poseo
897 2485 1024 2542 comas,
1085 2512 1088 2518 «

109 2572 242 2652 Qualem
264 2571 436 2654 purpureis
459 2569 608 2652 agitatam
629 2568 776 2632 fluctibns
800 2569 937 2644 Hellen,

150 2674 260 2736 Aurea
282 2694 377 2757 quam
400 2671 491 2732 molli
513 2680 646 2754 tergore
667 2670 757 2731 vexit
780 2669 863 2732 ovis.

109 2775 210 2853 Quam
233 2772 345 2848 timui,
370 2793 409 2834 ne
430 2772 518 2835 sorte
541 2784 629 2835 tuum
653 2792 741 2834 mare
763 2791 880 2833 nomen
902 2771 1034 2835 haberet
1072 2837 1075 2841 ,

173 2873 283 2959 Atque
306 2885 359 2936 tua
381 2874 492 2936 labens
515 2872 620 2936 navita
641 2873 735 2935 fleret
757 2875 854 2956 aqua!
1168 2943 1171 2947 .

110 2977 201 3057 Quae
224 2986 289 3037 tum
312 2995 375 3058 ego
399 2974 578 3064 Neptuno,
603 2994 685 3060 quae
707 2984 772 3036 tum
794 2995 865 3036 curu
890 2971 1027 3039 Castore
1048 2975 1162 3052 fratri,

109 3138 188 3182 Simili
203 3139 309 3183 acumine
329 3135 453 3182 Glauciae
474 3139 491 3182 i.
512 3152 535 3182 e.
557 3139 695 3193 Sarpedon,
715 3137 809 3183 Censor
832 3138 914 3182 nescio
935 3139 974 3195 qui
996 3139 1120 3195 lenensis,
1140 3146 1164 3185 et
1182 3154 1227 3200 ego

108 3207 254 3263 aliqnando:
273 3204 413 3260 Multicue,
434 3219 496 3260 pro:
516 3208 647 3260 Mallotes,
677 3220 691 3250 a
711 3208 786 3251 Mallo
808 3207 907 3253 Ciliciae
930 3207 1011 3262 urbe,
1031 3208 1100 3254 ltiad.
1121 3210 1151 3270 ζ.’
1165 3207 1229 3258 897ε

108 3275 155 3318 Sed
182 3275 240 3318 baec
263 3276 350 3319 omnia
369 3275 472 3318 ludibria
499 3281 555 3319 suut
582 3277 606 3320 iu
633 3289 686 3319 roc.
706 3277 761 3329 rel,
792 3281 817 3319 ut
833 3276 953 3330 diximus,
973 3277 1114 3330 explicando
1134 3279 1185 3332 vet,
1207 3280 1228 3323 si

109 3343 155 3386 boc
182 3356 230 3386 non
254 3343 357 3397 sufficit,
389 3357 434 3398 pro
462 3345 589 3399 desperato
613 3344 683 3388 uobis
708 3344 825 3389 babendo.
881 3341 923 3389 33.
948 3345 984 3388 lta
1009 3345 1086 3389 Codd.
1108 3347 1227 3403 plerique.

108 3411 169 3455 Edd.
181 3408 287 3456 humati.
325 3409 366 3458 37.
378 3413 420 3455 eui
429 3412 536 3457 lluseblt.
550 3412 579 3458 L.
594 3414 642 3456 lac.
651 3436 684 3446 —
694 3413 737 3470 qui
749 3412 825 3457 Codd.
836 3414 897 3456 aliae
911 3412 972 3456 Edd.
987 3435 1020 3447 -
1031 3411 1117 3457 Testis
1131 3445 1138 3469 ,
1157 3428 1229 3472 quem

108 3505 118 3514 ·
135 3504 145 3514 ·
161 3481 307 3536 percurrit:
335 3479 440 3525 Adonis.
462 3482 552 3524 Mar-kl.
608 3478 650 3525 39.
669 3482 691 3524 Α
707 3483 820 3525 inritando
835 3483 930 3540 vulgata
949 3481 1125 3534 abstinuimus,
1156 3496 1229 3539 quum

109 3549 299 3592 emendationum
321 3562 336 3592 a
361 3550 453 3593 criticis
476 3551 654 3604 propositarum
671 3551 736 3593 nulla
763 3549 904 3599 satisfaciat.
957 3551 1085 3594 Fluctuant
1108 3550 1164 3595 libri
1192 3554 1229 3595 in·

109 3621 146 3660 ter
162 3615 220 3659 Illis
238 3615 351 3670 et11la'e,
370 3617 500 3672 iocua'aee,
515 3617 618 3680 fleeieae
637 3622 661 3661 et
678 3617 781 3671 loricae,
802 3618 864 3675 quod
878 3632 904 3662 se
923 3619 1034 3672 probarit
1052 3618 1154 3663 Censori
1174 3619 1228 3664 len.

109 3682 212 3728 -2111te
223 3681 369 3741 formosum
381 3685 504 3747 flevisse,
519 3685 658 3743 paludibus
671 3686 725 3729 illie
743 3687 849 3730 llusehk.
864 3710 893 3724 -
903 3686 962 3730 Illic
972 3684 1100 3744 sermasia
1118 3688 1229 3732 ioculare

10 3792 13 3798 .
70 3744 73 3749 ’
103 3751 263 3810 paludibus,
291 3755 353 3798 illue
371 3754 470 3798 Lachm.
507 3756 554 3799 Sed
572 3757 600 3810 de
612 3752 737 3814 formosis
752 3754 890 3811 paludibus
909 3756 1006 3810 paucis,
1038 3758 1142 3810 opinor,
1173 3770 1229 3812 per·

109 3820 218 3865 suadebit
237 3823 268 3865 V.
288 3823 319 3866 D.
365 3821 431 3879 (lpse
450 3824 474 3866 iu
495 3837 544 3868 sec.
566 3823 612 3868 Ed.
634 3824 725 3868 etiae.
743 3828 851 3868 nostram
871 3826 927 3869 lect.
948 3830 1084 3869 servarunt.
1121 3825 1228 3875 Confusa

109 3890 196 3944 duplex
214 3895 251 3933 est
268 3892 432 3936 constructio:
452 3891 606 3946 ,formosum
619 3893 725 3948 ¹iacuisse
744 3893 841 3948 dieunt,
860 3892 918 3936 illuc
936 3893 1023 3937 diceris
1047 3898 1073 3937 tu
1091 3891 1178 3950 isse.”)

485 3996 539 4042 Lre.
554 3998 593 4042 ·ll.
629 3996 725 4042 ELEG.
746 3988 842 4041 xxvt.

161 4088 203 4136 id.
221 4091 360 4149 „excipere
379 4086 473 4137 rariore
492 4107 537 4136 usu
552 4098 590 4139 eet
600 4094 705 4150 pacisci,
724 4098 751 4136 ut
763 4093 836 4144 certis
855 4091 944 4150 aliquid
964 4093 1140 4139 conditionibus
1159 4092 1229 4144 fiat.'’

106 4160 212 4206 Betrlter.
241 4160 278 4204 lb.
306 4160 358 4205 iam
376 4159 454 4206 deus
484 4161 543 4209 Cdd.
564 4163 612 4207 lae.
632 4160 683 4213 Li.
705 4175 785 4218 „quae
805 4175 877 4220 quum
905 4163 1015 4213 mortalia
1041 4163 1099 4208 olim
1125 4163 1228 4219 triesas,

107 4242 168 4280 nunc
192 4241 308 4291 praesens
332 4242 358 4274 ee
380 4230 456 4293 Dea.‘’
475 4253 508 4265 ·-
526 4236 577 4275 tum
597 4229 645 4277 deu
663 4231 751 4288 Vulgo.
