2782 4762
1179 197 1241 260 cot

268 360 384 426 xliv.
436 358 492 423 M.
518 355 650 424 asuero
669 354 865 422 maranus.
909 355 967 435 (n.
991 355 1021 421 ι.
1045 355 1113 435 u.)
1205 322 1209 330 ’

130 470 229 537 Casta
250 493 311 536 siro
334 468 473 555 gladium
497 490 599 554 quom
617 471 760 533 traderet
782 465 881 533 Arria
904 469 1029 545 Paeto,

193 572 296 654 Quem
321 574 359 636 de
382 572 559 637 visceribus
581 582 726 635 traxerat
747 571 817 650 ipsa
839 569 928 632 suisa

130 676 166 740 Si
189 698 250 760 qua
272 677 373 752 fides,
394 675 530 751 volnus,
555 677 644 759 quod
664 673 749 749 feci,
773 695 837 745 non
861 673 966 747 dolet,
990 671 1114 755 inquit,

194 781 258 843 Sed
280 781 368 863 quod
389 789 424 841 tu
445 777 565 854 iacies,
588 779 653 842 hoc
675 775 767 852 inihi,
792 776 909 851 Paete,
935 774 1035 839 dolet.

382 902 520 966 XXVI·
556 898 737 967 Eiusdem.
760 896 817 977 (L.
842 897 875 960 7.
900 894 969 975 79.)

173 1010 293 1077 Potavi
314 1012 411 1075 modo
433 1009 603 1075 consulare
626 1009 747 1085 vinum.
797 1072 799 1077 ⁴

130 1113 286 1194 Quaeris,
312 1134 405 1197 quarn
429 1123 521 1175 vetus
544 1124 638 1199 atque
660 1109 817 1176 liberale?
836 1154 838 1158 .
869 1175 871 1178 ⁴

129 1217 209 1297 Ipso
232 1216 364 1280 consule
387 1215 566 1279 conditum:
592 1217 649 1279 sed
669 1215 758 1299 ipse,
856 1236 859 1244 ’

132 1317 197 1397 Qui
219 1319 377 1402 ponebat,
402 1328 491 1395 erat,
517 1318 660 1395 Severe,
684 1316 810 1382 consul.

382 1441 537 1506 XXVII·
573 1439 752 1503 Eiusdem.
786 1439 844 1521 (L.
870 1437 901 1502 7.
925 1438 994 1517 93.)

131 1549 270 1626 Narnia,
294 1549 440 1614 sullureo
464 1572 557 1632 qnam
582 1550 711 1635 gurgite
735 1550 884 1614 candidus
907 1552 1006 1613 amnis

195 1652 340 1729 Circuit,
365 1649 495 1736 ancipiti
518 1653 574 1715 vix
597 1655 738 1716 adeunda
760 1653 858 1737 iugo,

131 1744 216 1836 Quid
238 1766 299 1817 tam
322 1776 418 1838 saepe
441 1776 543 1818 meum
568 1754 660 1818 nobis
683 1758 842 1819 abducere
865 1750 1018 1835 Quintum

196 1859 245 1920 Te
267 1856 357 1920 iuvat
378 1870 409 1921 et
430 1856 514 1922 lenta
537 1856 705 1920 detinuisse
728 1855 843 1921 morai

133 1958 219 2041 Quid
240 1961 432 2024 Nomentani
454 1981 580 2024 causam
604 1960 679 2024 mihi
700 1958 808 2044 perdis
830 1958 945 2043 agelli,

195 2065 338 2146 Propter
360 2063 497 2126 vicinum
521 2063 575 2149 qui
596 2063 760 2145 pretiosus
782 2060 874 2126 crat?

131 2165 196 2230 Sed
218 2166 278 2228 iam
300 2188 397 2249 parce
420 2165 495 2229 mihi
518 2188 577 2228 nec
600 2169 753 2242 abutere,
778 2163 920 2244 Narnia,
945 2163 1084 2248 Quintoz

194 2272 360 2353 Perpetuo
382 2269 479 2333 liceat
504 2268 550 2333 sic
572 2269 629 2333 tibi
651 2282 750 2353 ponte
768 2268 851 2354 irui.

377 2394 549 2459 XXVIII.
586 2391 766 2457 Eiusdem.
800 2392 858 2472 (L.
884 2392 916 2456 1.
940 2391 1010 2469 88.)

131 2501 279 2578 Alcime,
303 2523 396 2588 quem
419 2514 544 2585 raptum
568 2503 697 2567 domino
719 2503 939 2567 crescentibus
962 2503 1051 2567 aunis

192 2605 355 2668 Labicana
377 2605 441 2667 levi
465 2604 601 2687 caespite
624 2607 709 2669 velat
730 2607 864 2669 humusa

129 2708 253 2790 Accipe
275 2728 340 2771 non
362 2706 485 2771 Phario
509 2707 652 2772 nutantia
674 2711 821 2790 pondera
843 2729 944 2787 saxo,

194 2810 285 2889 Quae
307 2809 409 2873 cineri
432 2831 533 2879 vanus
556 2814 608 2874 dat
629 2813 751 2874 ruitura
774 2811 891 2883 labor;

130 2912 195 2974 Sed
216 2909 349 2996 fragiles
370 2914 477 2977 buxos
503 2924 534 2976 et
556 2934 672 2995 opacas
694 2911 832 2995 palmitis
854 2916 984 2985 umbras
1233 2918 1251 2979 5

194 3014 351 3098 Quaeque
374 3015 478 3079 virent
499 3015 637 3078 lacrimis
659 3013 788 3079 roscida
810 3028 902 3098 prata
926 3016 1016 3080 meis.

130 3111 271 3197 Accipe,
296 3139 491 3202 canopum,
515 3117 617 3180 nostri
639 3130 840 3181 monumenta
864 3119 1006 3183 dolorist

95 3284 96 3287 Ἴ
193 3218 257 3280 Hic
279 3219 336 3282 tibi
358 3232 517 3302 perpetuo
540 3231 687 3302 tempore
710 3220 799 3285 rivet
821 3222 941 3287 honor.

131 3319 236 3402 Quom
261 3321 336 3384 mihi
358 3344 524 3405 supremos
548 3321 701 3386 Lachesis
723 3325 910 3406 pernoverit
933 3347 1053 3403 annos,
1240 3402 1243 3410 .

192 3424 269 3487 Non
292 3424 385 3486 aliter
407 3425 529 3487 cineres
554 3427 671 3488 mando
693 3424 800 3490 iacere
823 3449 924 3491 meos.
1214 3435 1254 3493 10

295 3581 297 3583 >
387 3548 522 3613 XXIX.
557 3546 738 3611 Eiusdem.
771 3549 828 3628 (L.
853 3549 884 3612 2.
909 3549 980 3630 68.)

174 3656 270 3736 Quod
291 3667 322 3720 te
345 3657 472 3721 nominc
493 3656 553 3720 iam
578 3669 635 3724 tuo
658 3659 779 3734 saluto,

130 3758 233 3838 Quem
255 3780 365 3841 regem
388 3771 420 3824 et
442 3760 602 3824 dominum
624 3761 714 3845 prius
738 3764 893 3826 vocabam
906 3805 916 3840 ,

128 3863 180 3924 Nc
202 3884 251 3925 me
274 3861 393 3926 dixeris
415 3884 485 3927 esse
508 3873 750 3929 contumacemr

129 3965 224 4027 Totis
248 3964 329 4046 pilea
353 3964 486 4030 sarcinis
508 3966 642 4031 redemi.
709 3990 712 3995 ·

128 4067 239 4148 Reges
262 4077 293 4129 et
317 4067 464 4133 dominos
485 4070 604 4134 habere
625 4072 738 4147 debet,

128 4168 194 4247 Qui
216 4190 250 4232 se
274 4190 337 4233 non
359 4171 461 4235 habet·
478 4182 572 4256 atque
595 4172 813 4257 concupiscit,

128 4270 227 4349 Quod
248 4293 342 4357 reges
365 4273 547 4360 dominique
570 4278 811 4361 concupiscunt.
