2782 4762
1044 222 1054 237 .
1145 114 1214 230 rra

123 340 299 404 -Imminet
319 349 350 402 et
375 335 473 400 tacite
493 334 573 398 clam
597 332 685 398 venit
708 329 762 394 illa
786 332 877 414 pede.
955 368 959 374 ·

87 445 165 508 Noe
188 463 281 527 seges
304 450 356 503 est
372 438 480 513 'intem
506 457 581 501 non·
595 435 688 507 vinea
709 434 816 511 culta,
838 434 895 497 sed
920 428 1223 630 aaqub

155 543 320 610 Cerberus
343 553 374 604 ct
399 539 531 624 Stygiae
555 538 660 602 navita
685 537 790 620 turpis
806 554 929 620 aquae.
1312 574 1318 581 -

87 631 163 712 'utic
184 644 409 730 percussisque
433 642 523 727 genis
544 652 683 724 ustoque
702 638 822 722 capillo

156 751 256 813 Errat
278 751 316 810 ad
339 750 499 812 obscuros
521 743 640 828 pallida
663 747 755 806 turba
778 744 880 806 lacus.

91 854 195 932 Quam
217 851 326 935 potius
348 849 523 912 laudandus
544 848 597 910 hie
619 857 687 922 est,
713 866 807 930 quem
829 846 922 927 prole
945 856 1055 929 parata
1088 881 1089 885 =

155 953 304 1036 Occupat
325 952 357 1015 in
380 971 481 1034 parva
503 949 597 1034 pigra
620 959 748 1012 senecta
772 951 863 1010 cass!

90 1057 168 1140 lpse
191 1077 263 1119 suas
285 1065 425 1118 sectatur
451 1074 550 1127 oves,
576 1061 609 1113 at
632 1051 714 1113 lilius
736 1072 858 1134 agnos,

155 1160 200 1223 Et
222 1156 355 1220 calidam
374 1155 464 1218 sesso
488 1163 761 1234 comparat'uxor
783 1170 909 1237 aquam.

93 1260 148 1323 Sic
164 1280 228 1343 ego
251 1259 308 1321 sins
333 1257 489 1341 liceatque
511 1265 608 1337 eaput
627 1256 818 1318 candescere
841 1253 947 1330 canis,
1013 1288 1015 1293 ,

157 1360 331 1444 Temporis
353 1369 385 1423 ct
406 1358 504 1442 prisci
525 1357 611 1420 facta
633 1355 758 1419 referre
781 1377 902 1420 senem.

92 1467 219 1528 Interea
241 1465 313 1528 Pax
336 1482 413 1524 arva
435 1460 535 1524 colet.
581 1460 654 1523 Pax
675 1457 807 1521 candida
827 1458 961 1540 primum
1047 1477 1057 1491 ⁶

156 1565 260 1631 Duxit
282 1575 431 1627 araturos
451 1564 511 1625 sub
536 1560 612 1645 iuga
635 1563 738 1642 panda
760 1563 876 1624 beves.

93 1671 165 1734 Pax
184 1667 261 1732 aluit
283 1665 364 1730 vites
381 1678 417 1727 et
439 1685 554 1729 suecos
574 1663 717 1727 condidit
741 1685 842 1740 rivae,

113 1825 117 1833 .
156 1772 320 1836 Funderet
342 1780 375 1830 ut
397 1777 471 1830 usto
494 1777 575 1829 testa
597 1777 729 1848 paterna
752 1788 886 1831 merum.

94 1875 182 1953 Pace
204 1872 315 1934 bidens
338 1889 514 1953 vomerque
535 1868 663 1952 vigent3
686 1878 716 1930 at
739 1868 842 1932 tristia
869 1869 940 1934 dirri

156 1972 273 2038 Militis
296 1973 327 2035 in
346 1969 488 2035 tenebris
507 1979 644 2054 occupat
667 1991 757 2033 *arma
776 1971 874 2036 situs.
924 2006 928 2012 ·
986 2006 990 2014 ·

96 2077 290 2149 Rusticnse
312 2076 453 2158 lucoque
477 2073 581 2150 vehit,
606 2074 688 2137 male
711 2073 839 2138 sobrius
860 2075 948 2159 ipse,
989 2086 1026 2114 ³1
1107 2101 1128 2113 ¹<
1209 2106 1212 2113 ¹

160 2181 305 2244 Uxorem
329 2177 475 2259 plaustro
497 2175 751 2260 progeniemque
773 2180 916 2242 domum.
988 2206 991 2214 ’

44 2320 52 2327 -
94 2283 159 2346 Sed
179 2278 317 2346 Veneris
341 2290 415 2341 tunc
435 2278 518 2340 bella
543 2279 647 2340 calent
670 2279 851 2364 scissosque
874 2281 1009 2364 capillos

159 2382 289 2448 Femina
312 2381 493 2464 perfractas
516 2380 792 2464 conqueriturque
813 2383 922 2458 sores3
1021 2422 1025 2431 .

18 2574 20 2579 Ι
95 2487 169 2550 Flet
192 2496 316 2580 teneras
341 2485 472 2545 subtusa
492 2503 611 2566 genas3
634 2483 691 2547 sed
712 2483 821 2547 victor
842 2495 873 2546 et
896 2486 963 2568 ipse
1042 2490 1090 2519 ·’

161 2588 235 2650 Flet
257 2586 317 2648 sibi
340 2589 500 2648 sternentes
522 2597 584 2663 tam
609 2584 747 2647 relisisse
770 2598 894 2650 insutis.
922 2601 925 2607 '

95 2691 143 2754 At
165 2688 303 2751 lascivus
326 2689 431 2751 Amor
453 2687 543 2750 rixae
566 2686 645 2750 mala'
667 2689 764 2750 verba
789 2688 962 2766 ministrat,

158 2793 250 2854 Inter
269 2800 301 2852 et
321 2789 436 2853 iratruu
459 2790 564 2853 lentus
579 2802 762 2872 utrumque·
779 2793 879 2855 sedet.

95 2888 252 2976 Ah‘lapts
275 2904 323 2955 est
342 2880 549 2977 ferreumque,
573 2907 659 2955 suam
685 2893 865 2978 quicunque
887 2898 1025 2977 puellam
1044 2918 1068 2946 ι»
1152 2933 1154 2936 -
1184 2927 1188 2933 ·
1214 2928 1222 2935 -

164 2997 346 3069 Verbera13
371 3017 387 3058 e
410 2995 501 3058 caelo
524 2994 640 3077 deripit
665 2995 718 3058 ille
745 2999 866 3060 deos.
935 3008 941 3033 ³
1182 3005 1222 3065 60

97 3099 145 3161 sit
167 3103 244 3161 satis
267 3121 284 3159 e
308 3097 456 3160 membris
478 3110 605 3160 tenerem
629 3097 833 3180 perscinderc
857 3112 994 3165 restem:

98 3280 140 3327 3³.
161 3295 292 3347 accersere
314 3282 432 3338 plerique.
462 3282 525 3344 Scul.
591 3278 633 3325 34.
661 3283 719 3338 ipsc
738 3283 799 3327 Cod.
823 3282 846 3329 i.
870 3287 902 3332 V.
965 3283 1006 3331 36.
1028 3289 1111 3345 turpis
1132 3296 1169 3335 est
1190 3291 1222 3334 ab

98 3353 278 3408 ltalis.1'›urrn.
300 3365 349 3394 sec.
378 3350 473 3394 voleb'et
500 3349 592 3394 tristis.
623 3350 652 3394 1..
676 3352 771 3394 reduxit
789 3353 849 3397 Cdd.
874 3356 928 3402 leet.
956 3357 1067 3412 puppis,
1087 3361 1146 3401 dure
1166 3373 1222 3404 seue

97 3423 292 3466 constructione:
312 3419 397 3462 riuvilu
417 3420 511 3476 puppis
541 3434 621 3477 cquae
641 3419 773 3480 Stygius.
787 3437 866 3478 ,‚quee
888 3424 981 3468 vehitur
1001 3439 1044 3479 per
1065 3441 1150 3483 aquam
1170 3431 1224 3478 sty-

97 3491 188 3549 giasn.''
215 3525 219 3533 .
248 3485 290 3533 37.
312 3488 446 3532 Construc:
467 3488 521 3532 illic
541 3487 575 3532 cd
591 3488 712 3534 obscuros
730 3491 803 3534 icens
819 3492 918 3548 pallide
936 3486 1098 3538 lrirbu‘srrcl
1114 3506 1222 3552 percus·

96 3560 182 3618 sisque
191 3559 266 3619 genis
279 3558 342 3613 (scil.
355 3557 451 3611 timore)
470 3563 572 3618 ustoque
592 3559 694 3615 eupillo.
709 3583 740 3593 -
751 3561 880 3615 perculsis
899 3564 959 3606 Cod.
983 3561 1006 3607 1.
1026 3565 1057 3608 V.
1078 3566 1106 3609 Β.
1127 3565 1225 3610 Nobbe:
1281 3604 1284 3608 Α

97 3629 187 3673 exesis
209 3629 293 3673 Heius.
314 3628 422 3676 Broukh.
444 3629 520 3681 lleyu.
546 3641 659 3680 „sessim
678 3630 759 3687 genus
779 3633 875 3684 proprie
895 3633 957 3676 dixit
978 3631 1035 3677 Tib.
1057 3633 1087 3688 1,
1110 3631 1157 3690 10,
1179 3632 1221 3680 37.

97 3699 185 3743 Velelr.
200 3698 239 3746 nd.
255 3698 317 3743 Call.
339 3710 363 3750 p.
389 3695 446 3741 106.
484 3698 523 3741 Sic
543 3697 627 3741 Critiri
646 3711 691 3752 pro
716 3699 876 3754 scriptoribus
896 3703 1049 3746 laudentur.”
1073 3704 1105 3747 fl.
1141 3718 1223 3749 semu·

97 3767 147 3810 stis
165 3767 255 3810 Maelii.
276 3790 306 3799 -
324 3766 511 3823 perscissisqus
531 3767 575 3810 Cd.
596 3769 657 3820 apud
686 3768 768 3812 Scul..
815 3766 857 3813 46.
877 3768 994 3816 aratores
1014 3773 1091 3818 Codd.
1120 3775 1228 3832 aliquot..

97 3835 207 3880 Broulrh.
230 3837 271 3878 W.
291 3836 320 3878 B.
341 3835 377 3878 lb.
394 3835 482 3891 punctu
501 3849 513 3879 e
541 3836 655 3891 Cdd.,V.
677 3837 716 3893 Β.
733 3836 763 3881 L.
783 3857 816 3868 -
831 3852 910 3882 curua
929 3854 957 3885 ex
976 3840 1031 3884 aliis
1054 3843 1083 3887 ll.
1103 3842 1224 3888 Difficilli-

97 3918 164 3948 mum
182 3910 219 3948 est
239 3905 382 3957 diiudicatu,
415 3909 493 3947 utrum
516 3912 594 3948 curun
617 3906 694 3963 gloss.
717 3906 874 3951 subsistututn
894 3909 926 3952 sit
948 3923 971 3954 r.
997 3913 1166 3968 exquisitioni,
1194 3927 1224 3956 an

98 3978 183 4018 contra
201 3973 370 4028 interpolatori
393 3973 508 4027 placuerit
527 3973 622 4019 rariore
649 3978 851 4020 voesxnuders
873 3978 1015 4032 siurplicius.
1082 3979 1125 4028 49.
1144 3983 1225 4026 nitent

98 4043 188 4096 Geyer.
207 4042 314 4086 Broultb.
334 4043 408 4097 Vultu.
446 4039 488 4086 51.
507 4048 532 4087 st
547 4043 606 4086 luco
621 4041 717 4088 revedit
727 4046 802 4088 Voss.
816 4045 881 4089 coni.
895 4059 924 4090 ex
936 4047 1019 4101 priore
1032 4049 1101 4096 Frut.
1120 4052 1223 4100 Heins.:

100 4132 131 4145 -
151 4112 239 4156 alueo
257 4108 359 4156 rsrclrit.
416 4108 458 4155 55.
478 4108 581 4172 suffusc·
595 4111 672 4157 Codd.
693 4113 750 4170 aliq.
771 4114 835 4158 Scal.
900 4112 943 4160 58.
962 4117 1046 4163 Iustus
1064 4120 1142 4165 Codd.
1162 4120 1221 4178 utiq.

100 4177 143 4227 60.
164 4186 188 4225 st
205 4181 274 4224 coslo
291 4180 367 4224 Codd.
386 4180 444 4236 aliq.
464 4181 495 4226 V.
550 4179 593 4224 bl.
608 4180 971 4240 perscindereJennaCdd.1..
992 4208 1025 4220 ·-·
1040 4188 1224 4246 praescindere

98 4263 154 4294 cum
172 4250 228 4294 allis
247 4250 289 4294 W.
309 4249 393 4293 B..·-
412 4246 559 4301 rescindere
579 4251 652 4306 vulgo
670 4251 699 4295 da
716 4253 780 4295 coni.
800 4251 903 4297 Heiusii.
