2782 4762
1230 163 1272 227 ⁵3

147 320 260 403 Quom
279 319 342 384 iam
364 342 424 405 per
440 331 545 386 terras
565 321 720 388 frondent
740 333 834 410 atque
856 321 962 389 omnia
983 323 1119 400 florent,
1208 322 1271 386 215

145 423 218 488 Aut
235 421 341 488 nimiis
362 434 470 489 torret
490 424 679 490 fervoribus
700 424 859 490 aetherius
881 426 932 491 sol

145 527 218 590 Aut
238 525 354 592 subitei
374 527 536 611 perimunt
552 527 673 593 imbres
695 527 883 614 gelidaeque
906 527 1039 611 pruinae

145 628 332 716 Flabraque
353 641 521 695 ventorum
546 630 691 696 violento
713 630 840 695 turbine
862 642 992 695 vexant.

210 733 386 797 Praeterea
410 755 509 817 genus
532 733 730 797 horriferum
754 736 878 799 Natura
899 734 1059 813 serarum,

145 836 314 899 Humanae
335 835 423 919 genti
445 835 610 912 infestum,
633 847 783 923 terraque
806 835 949 923 marique
1206 839 1270 903 220

145 938 241 1018 Quur
256 926 318 1001 *alit
340 935 436 1024 alque
458 938 577 1024 auget?
600 961 684 1024 quur
705 939 778 1003 anni
799 951 948 1023 tempora
971 943 1105 1006 morbos

144 1040 359 1124 Apportant?
382 1063 483 1128 quare
505 1043 604 1131 Mors
625 1041 793 1106 immatura
816 1043 977 1128 vagatur?

209 1146 292 1208 Tum
315 1165 421 1226 porro
443 1166 541 1227 puer,
565 1155 600 1208 ut
621 1144 724 1209 saevis
746 1145 913 1229 proiectus
935 1147 976 1208 ab
998 1145 1090 1210 randis

143 1245 282 1323 Navita,
306 1249 407 1311 nudus
429 1246 517 1310 humi
539 1246 638 1323 iacet,
660 1247 781 1325 infans,
805 1247 933 1333 indigus
957 1248 1044 1313 ourani

142 1347 249 1414 Vitali
271 1348 413 1426 auxilio,
437 1371 535 1434 quom
557 1349 695 1433 primum
717 1350 749 1414 in
771 1350 897 1414 luminis
919 1373 993 1415 oras
1205 1354 1267 1417 225

141 1450 285 1515 Nixibus
307 1473 349 1515 ex
370 1453 445 1518 alvo
469 1453 578 1517 urratris
600 1455 724 1517 Natura
747 1452 910 1536 profudit;

141 1552 461 1640 Vagituquelocum
484 1555 616 1641 lugubri
639 1557 795 1639 complet,
819 1567 854 1620 ut
875 1568 1057 1642 aequomst,

143 1655 232 1736 Quoi
251 1668 374 1742 tautum
396 1657 430 1720 iu
453 1658 518 1722 vita
540 1670 639 1724 restet
659 1659 798 1723 transire
821 1659 991 1723 malorum.

141 1761 189 1823 At
211 1759 319 1823 variae
342 1773 492 1826 crescunt
513 1765 671 1845 pecudes,
696 1774 837 1826 armenta
859 1761 1031 1846 seraequea

140 1863 213 1926 Nec
236 1862 443 1945 crepitacillis
466 1886 548 1947 opus
569 1875 617 1928 est
639 1886 698 1928 nec
720 1863 894 1951 quoiquam
916 1863 1125 1928 adhibendast
1201 1867 1263 1931 230

141 1964 255 2030 Almae
277 1965 411 2030 nutricis
434 1967 549 2031 blanda
572 1978 667 2052 atque
689 1967 827 2031 infracta
848 1966 996 2052 loquela3

141 2069 212 2131 Nec
235 2067 341 2132 varias
362 2081 520 2154 quaerunt
543 2069 659 2133 vesteis
681 2092 743 2153 pro
767 2080 912 2153 tempore
936 2069 1030 2133 caeli.

139 2169 288 2257 Denique
312 2193 377 2236 non
400 2171 498 2236 armis
520 2194 603 2255 opus
625 2182 688 2249 est,
712 2194 777 2236 non
802 2172 968 2238 moenibus
990 2173 1082 2251 altis,

72 2316 76 2321 -
141 2273 204 2354 Qui
229 2295 286 2337 sua
307 2284 467 2352 tutentur,
491 2279 619 2361 quando
643 2274 792 2339 omnibus
816 2276 923 2341 onmia
945 2277 1036 2362 large

140 2376 252 2441 Tellus
272 2376 343 2461 ipsa
364 2377 452 2460 parit
473 2379 659 2464 Naturaque
683 2379 813 2443 daedala
834 2402 955 2448 rerum.
1200 2382 1262 2447 235

476 2566 557 2629 Lus.
573 2566 621 2630 V.
648 2588 682 2630 v.
707 2567 922 2631 tto-1457.

201 2688 302 2768 Quod
322 2698 484 2770 superest,
508 2686 677 2776 quoniam,
701 2687 811 2773 magni
831 2710 892 2771 per
913 2687 1041 2752 caerula
1063 2688 1172 2753 mundi

138 2791 212 2870 Qua
234 2789 307 2854 fieri
329 2790 486 2878 quidquid
506 2803 618 2875 posset
639 2788 783 2868 ratione,
806 2789 949 2855 resolvi:
1070 2782 1072 2786 ¹

137 2893 225 2959 Solis
247 2893 295 2957 uti
316 2893 427 2960 varios
449 2917 561 2960 cursus
583 2893 739 2980 lunaeque
763 2904 900 2970 meatus,

136 2999 286 3062 Noseere
306 3019 489 3082 possemus,
512 3019 595 3085 quae
617 2996 667 3061 vis
689 3007 721 3060 et
743 3018 853 3062 caussa
876 2995 996 3062 cieret:

137 3099 255 3181 Quove
276 3103 375 3166 modo
399 3101 523 3166 soleant
544 3103 666 3166 offecto
688 3097 805 3164 lumine
828 3081 922 3164 obii-”e

135 3203 180 3266 Et
200 3224 262 3267 nec
284 3202 463 3286 opinanteis
485 3203 627 3268 tenebris
649 3207 811 3268 obducere
833 3213 954 3281 terras,
1003 3256 1008 3263 .
1198 3207 1259 3270 775

136 3306 244 3387 Quom
268 3307 358 3394 quasi
382 3306 556 3372 connivent
577 3319 608 3370 et
630 3318 744 3391 aperto
766 3305 884 3371 lumine
906 3329 1033 3372 rursum

134 3500 181 3548 cfr.
200 3499 267 3545 Plin.
288 3500 352 3545 llist.
370 3504 420 3544 nat.
440 3497 464 3544 7.
486 3514 595 3556 prooem.
614 3499 747 3545 Hominem
764 3505 860 3546 tontum
878 3505 972 3545 notura
989 3499 1084 3546 nudum
1101 3506 1126 3545 et
1144 3500 1171 3546 in
1189 3500 1259 3546 nuda

133 3568 209 3616 ltumo
227 3571 308 3614 natali
324 3568 365 3614 die
383 3569 475 3614 obiecit
492 3569 527 3615 od
542 3576 654 3631 sagatum
673 3572 760 3616 atatim
778 3576 802 3616 et
816 3572 960 3629 ploratum,
989 3572 1132 3631 nullumque
1150 3576 1186 3614 tot
1203 3571 1260 3616 ani·

133 3641 239 3685 maldam
263 3638 335 3684 uliud
358 3638 393 3684 od
414 3641 552 3695 lacrimae,
581 3646 605 3685 et
628 3639 676 3687 hoe
690 3642 809 3699 protinus
828 3642 892 3686 sitne
909 3641 1049 3700 principio.
1083 3640 1116 3686 Ae
1142 3637 1259 3685 herculea

133 3711 220 3766 risus,
245 3723 363 3766 praecox
381 3710 426 3754 ille
444 3715 468 3755 et
485 3710 651 3766 celerrimus,
680 3717 738 3755 ante
761 3709 986 3771 quadragesimum
1005 3710 1071 3757 diem
1088 3710 1155 3754 nulli
1171 3709 1258 3756 datur.

133 3777 194 3826 229.
215 3779 412 3826 oclidaeBentl.
451 3777 510 3826 230.
531 3781 567 3824 lta
579 3781 617 3824 Pii
632 3780 708 3826 Codd.
723 3782 786 3826 Tres
800 3794 839 3837 ap.
853 3782 896 3826 W.
911 3782 1005 3829 Iuntina
1017 3779 1151 3837 atqueAld.
1170 3781 1258 3824 llario-
1290 3838 1292 3842 7

132 3864 184 3896 rem
197 3850 258 3895 banc
270 3850 375 3895 soranam
384 3850 496 3895 servabat
509 3851 580 3895 etiam
592 3851 755 3895 'l'ertullianus
765 3852 819 3894 adv.
832 3851 884 3895 lud.
895 3849 935 3904 9.,
950 3855 1079 3907 antequam
1088 3851 1257 3910 castigaretur.

131 3920 186 3966 Cir.
195 3921 280 3967 Heius.
289 3923 318 3964 ad
329 3922 454 3966 Claudiam.
466 3922 490 3965 in
501 3921 604 3975 Eutrop.
615 3919 638 3974 l,
654 3917 714 3964 2⁶2.
728 3941 758 3955 -·
775 3933 820 3964 nec
831 3920 986 3977 crepitacula
999 3920 1036 3964 eia
1045 3933 1109 3978 opus
1121 3927 1159 3966 eet
1170 3922 1216 3970 Av.
1225 3921 1259 3971 P,

130 3990 192 4040 llas,
213 4013 243 4024 -
263 3992 319 4048 opu’
336 3997 396 4036 aunt
412 3991 440 4036 L.
459 3991 509 4036 Gil.
537 3991 632 4034 Festive
651 3990 725 4036 Italus
744 3991 767 4034 in
786 4002 864 4048 marg.
878 3989 909 4033 Ε.
934 3988 1116 4048 „Neocrepitn
1128 3991 1259 4037 aasentias*

131 4053 192 4109 234.
213 4061 334 4121 quaeda.
356 4083 386 4096 -
412 4061 483 4119 queis
499 4061 529 4105 C.
542 4061 573 4103 Α.
587 4060 616 4105 L.
631 4060 662 4105 ll.
688 4061 735 4104 Sed
753 4065 847 4104 rectum
865 4064 903 4102 est
919 4060 976 4118 qui,
997 4065 1023 4104 ut
1040 4060 1204 4120 ambiguitatis
1223 4063 1259 4108 vi-

130 4133 217 4178 tandae
236 4146 308 4177 causa
326 4131 412 4188 scripsi
432 4145 493 4176 nune
512 4144 566 4175 eum
585 4130 629 4174 Cd.
643 4130 674 4175 E.
692 4143 736 4186 pro
755 4129 812 4188 quei
830 4129 904 4173 Walr.

127 4212 130 4216 ’
520 4201 621 4245 Lmv.
652 4213 676 4246 v.
693 4195 867 4246 tto-1457.

185 4268 244 4318 775.
264 4286 342 4332 nsque
361 4270 504 4330 opincntev'a
523 4271 552 4317 C.
566 4271 598 4318 E.
615 4272 687 4316 Waa.
709 4269 819 4315 Attamen
833 4269 857 4314 iu
875 4267 913 4313 bis
929 4282 975 4313 noe
991 4270 1124 4330 opinatae,
1144 4285 1189 4319 nec
1203 4284 1258 4318 md-
