2782 4762
1065 178 1069 258 j
1137 159 1211 234 385.

163 321 273 387 Cruda
297 323 383 386 velut
406 343 543 406 quernas
566 324 697 409 glandes
718 333 848 389 ructare
870 319 1025 392 colonos‘

246 427 299 490 Ac
320 428 422 490 verba
445 437 564 528 tantum
586 427 741 492 stridula:
1101 423 1108 479 ³-
1157 433 1199 495 lo

160 531 272 605 Verba
295 551 377 594 sono
400 533 498 593 duros
520 526 641 613 lapides
662 530 848 617 rigidasque
870 531 976 597 nivosi
1013 619 1014 623 Ἰ

247 634 398 716 Ruptura
420 646 543 696 crustas
565 632 715 711 fluminis.
783 641 785 644 ’

159 738 205 802 Ut
227 748 385 820 nequeant
408 738 561 822 quaedam
585 737 699 801 Tacito
722 747 835 801 testata
858 736 972 822 negari

243 843 314 904 Nec
337 861 430 904 omne
453 861 507 902 rus
530 834 743 917 defenderim,

136 996 140 1004 .
164 944 280 1008 Altera
303 965 386 1005 nume
409 942 481 1005 aevi
503 941 602 1006 facies
625 963 786 1028 versoque
808 945 949 1007 theatro
1159 946 1198 1010 15

249 1046 379 1109 Mutata
403 1066 515 1108 scaena
540 1044 679 1127 prodiit:

163 1150 247 1213 Nam
270 1148 399 1211 summis
423 1149 549 1211 exculta
572 1148 650 1211 viris
671 1148 859 1211 Alemannis
882 1149 997 1224 floret3

249 1252 397 1316 Summos
420 1252 508 1314 dabit
530 1251 681 1316 Polonia.

163 1357 216 1419 Ac
238 1355 297 1418 nisi
320 1354 457 1418 Gradivi
479 1355 574 1417 furor
596 1357 781 1437 obstrepat,
805 1366 914 1418 extera
938 1375 1040 1440 regna

249 1458 494 1541 Samnniumque
517 1469 712 1539 provocent.
1103 1490 1106 1497 ’
1156 1460 1199 1523 90

163 1562 204 1623 Id
226 1563 366 1645 gaudens
391 1560 531 1636 miraris,
556 1560 652 1636 Ado,
677 1581 868 1645 causamque
890 1561 1047 1647 requiris;

246 1663 385 1727 Divino:
409 1662 519 1744 paucis
544 1662 667 1745 accipe.
750 1705 752 1711 ·

164 1768 218 1828 Ex
241 1786 306 1850 quo
329 1767 523 1830 Parnassum
547 1766 745 1829 vastantibus
768 1766 874 1832 omnia
899 1766 1020 1831 Tuscis·

249 1868 420 1932 Destruxit
442 1867 527 1932 ensis
551 1867 730 1946 Thracius,
781 1881 784 1886 “

163 1972 329 2055 Expulsae
351 1970 454 2054 patria
477 1973 595 2034 Musae
618 1993 743 2035 cessere
764 1973 905 2056 Pelasga

249 2074 391 2156 Quaevis
413 2096 472 2138 suo
496 2096 566 2136 eum
589 2069 731 2139 barbito.

165 2176 310 2242 Detinuit
332 2178 488 2260 profugas
510 2177 638 2241 Latium
661 2176 836 2241 elementer
858 2179 1015 2254 alumnas,

248 2283 434 2364 Aedemque
457 2292 490 2342 et
511 2301 581 2343 aras
604 2280 734 2347 obtulit.

164 2385 210 2449 Ut
230 2396 335 2447 tamen
358 2383 520 2468 ingenium
542 2383 613 2447 leve
636 2382 852 2468 cuiuscunque
874 2385 1000 2467 puellae
1024 2395 1073 2450 est
1124 2465 1128 2475 Ι
1219 2390 1221 2394 ’

248 2486 396 2550 Viventis
420 2498 513 2550 extra
535 2487 691 2569 patriam;
1158 2487 1200 2550 30

165 2589 321 2670 Quamvis
344 2588 466 2652 eximiis
488 2591 673 2653 colerentur
694 2573 873 2653 honoribus
895 2589 978 2666 illic,

249 2694 362 2756 Sedem
386 2703 544 2776 negarunt
565 2692 678 2774 ligere.

165 2795 280 2858 Haesit
302 2795 368 2857 dira
392 2795 489 2856 semel
511 2794 675 2876 dulcisque
696 2792 816 2876 cupido
840 2793 990 2878 vagandi.

251 2898 359 2962 Odere
383 2895 576 2959 Terminalia

165 2998 455 3082 claustrorumque
472 3019 591 3062 rnoras.
623 2998 830 3062 Muliebriter
846 2999 951 3062 omnia
965 3000 1121 3076 lustrant,
1160 3000 1202 3064 35

249 3102 374 3178 Vieos,
398 3103 540 3183 plateas,
564 3101 719 3183 compita.

165 3205 212 3269 At
234 3204 331 3268 solito
354 3204 458 3267 Divae
481 3224 520 3265 ne
543 3202 773 3287 dignoscantur
796 3203 930 3282 amictu,

248 3307 289 3370 In
311 3317 401 3370 veste
424 3305 561 3390 migrant
583 3305 714 3372 comica.
829 3380 832 3385 .
937 3375 940 3382 ,

164 3410 280 3492 Nuper
302 3411 393 3491 apud
410 3410 552 3472 Graffanr
576 3409 718 3473 citharae
741 3431 839 3494 quom
861 3410 915 3473 fila
936 3407 1085 3487 lenirem,

244 3513 396 3600 ,Repente
419 3512 494 3577 Clio
517 3511 681 3587 substitit,
1160 3513 1205 3573 [ιθ

166 3616 215 3680 Os
236 3615 444 3698 hahitumque
468 3636 583 3699 gerens
608 3611 776 3698 quatientis
798 3613 892 3677 sistra
915 3610 1041 3697 Canopi

238 3717 477 3801 ¹Aegyptiaeve
502 3717 676 3802 Cingarae.

163 3823 285 3883 Laetus
309 3830 341 3882 et
361 3820 537 3904 ignorans,
561 3819 734 3904 peregrina
755 3839 869 3882 numen
892 3817 1027 3883 amicum

248 3924 369 3984 Latere
391 3924 452 3984 sub
474 3921 659 4006 ferrugine,

165 4023 296 4108 Flagito
319 4025 545 4106 contemptim,
574 4023 651 4087 visis
673 4037 709 4088 ut
730 4026 811 4090 Fata
832 4024 977 4088 recludat
1163 4025 1203 4089 45

249 4127 369 4188 Manus
391 4125 538 4190 sinistrae
560 4127 672 4191 lineis:
787 4178 788 4181 ,

165 4226 372 4313 Porrexique
393 4249 540 4303 manum,
563 4229 672 4313 specie
694 4230 849 4310 ludentis,
874 4241 1019 4314 apertam

130 4333 220 4386 Eelogae
234 4332 292 4374 lost.
306 4331 351 4374 tar.
927 4333 968 4397 25
