2782 4762
86 313 150 407 'Me
174 342 232 405 tibi
254 342 421 424 supposui.
468 346 615 406 'l'eneros
637 354 671 406 tu
693 344 827 424 suscipis
851 365 949 409 annos

92 445 279 520 Socration,
306 443 474 520 Coruute,
501 445 584 507 sinu.
630 448 724 508 'l'uno
747 447 857 508 fallere
880 446 994 510 sollers

92 548 254 630 Apposita
278 547 415 610 intortos
440 548 583 609 extendit
606 550 715 631 regula
740 569 846 612 mores

91 654 136 715 Et
158 651 315 732 premitur
337 649 461 713 ratione
484 648 604 711 animus
628 649 778 734 vincique
802 653 927 714 laborat

91 754 324 836 Artificemque
341 765 402 815 tuo
426 753 510 814 ducit
533 755 592 813 sub
615 753 732 832 pollice
756 755 887 818 voltum.

93 860 213 919 Tecum
236 854 348 917 etenim
372 856 491 938 longos
516 855 637 917 memini
661 876 849 918 consumere
872 856 957 918 soles

92 961 136 1022 Et
159 971 260 1020 tecum
285 957 403 1039 primas
427 958 528 1038 epulis
552 960 728 1038 decerpere
751 969 874 1020 noctes.

92 1063 198 1125 Unum
222 1082 303 1141 opus
327 1072 357 1122 et
380 1058 520 1141 requiem
542 1060 664 1140 pariter
688 1060 883 1140 disponimus
908 1062 1000 1121 ambo

92 1165 202 1247 Atque
225 1164 403 1226 verecunda
426 1162 567 1223 laxamus
591 1162 673 1224 seria
696 1183 815 1226 mensa.

92 1267 169 1327 Non
193 1265 338 1349 equidem
360 1266 423 1326 boc
446 1263 589 1339 dubites,
615 1266 779 1326 amborum
802 1265 1048 1352 foederecerto
1174 1266 1213 1327 ts

93 1366 285 1431 Consentire
308 1366 375 1429 dies
398 1377 429 1429 et
452 1369 491 1427 ab
514 1387 578 1429 tino
603 1366 705 1428 sidere
729 1366 813 1428 duci.

92 1472 215 1533 Nostra
238 1470 291 1532 vcl
315 1467 438 1550 aequali
461 1468 624 1549 suspendit
647 1481 793 1549 tempora
816 1468 919 1531 Libra

92 1575 197 1635 Parca
220 1582 315 1633 tenax
339 1570 427 1660 veri,
452 1591 508 1632 seu
531 1581 602 1631 nata
625 1570 772 1632 fidelibus
796 1573 876 1633 bora

92 1674 217 1739 Dividit
239 1674 269 1735 iu
293 1672 445 1736 Geminos
469 1675 640 1735 concordia
664 1673 729 1734 fata
752 1676 887 1735 duorum

96 1777 330 1856 Saturnumque
354 1795 485 1858 gravem
510 1784 623 1836 nostro
648 1774 728 1836 Iove
752 1774 929 1858 frangimus
954 1798 1032 1837 tuna:
1173 1775 1214 1837 50

94 1877 213 1939 Nescio
238 1879 343 1960 quod,
370 1888 456 1938 certe
480 1887 545 1951 est,
572 1878 659 1958 quod
682 1898 731 1938 me
755 1877 813 1938 tibi
835 1887 1009 1958 temperat,
1036 1888 1167 1940 astrum.

93 1979 190 2041 Mille
212 1977 374 2040 hominum
397 1977 518 2058 spccies
543 1989 574 2039 et
595 1999 703 2040 rerum
726 1978 867 2042 discolor
891 2000 986 2041 usus:

93 2081 190 2144 Velle
212 2102 300 2142 sutun
325 2079 439 2163 cuique
462 2091 589 2142 estnec
612 2093 691 2143 voto
716 2080 834 2144 vivitur
858 2101 934 2143 uno.
959 2148 963 2159 ,

93 2183 261 2247 Mercibus
284 2182 336 2243 bio
358 2181 447 2244 Italis
471 2194 568 2244 mutat
590 2185 649 2244 sub
672 2182 740 2245 sole
763 2183 887 2245 recenti

94 2288 263 2368 Rugosum
285 2284 379 2364 piper
402 2296 433 2346 et
454 2284 600 2364 pellentis
624 2306 722 2367 grana
746 2284 874 2347 cumini.

93 2388 158 2451 Hic
180 2399 269 2450 satur
290 2385 418 2470 irriguo
442 2387 563 2448 mavolt
585 2397 773 2469 turgescere
795 2409 932 2451 sonmo:

93 2489 157 2552 Hic
180 2510 292 2571 campo
315 2489 477 2572 indulget:
502 2490 586 2550 hrtuc
609 2491 678 2551 alea
702 2490 872 2573 decoquit:
897 2490 951 2553 ille

93 2594 131 2656 In
154 2593 315 2683 Venerem
339 2603 386 2652 est
408 2592 529 2672 putris:
555 2593 610 2652 sed
634 2613 730 2672 quom
754 2591 894 2672 lapidosa
920 2592 1069 2676 chiragra

93 2693 245 2775 Fregerit
266 2693 440 2768 articulos,
467 2692 583 2756 veteris
605 2693 734 2754 ramalia
756 2693 843 2776 fugi,

94 2800 187 2859 Tune
209 2816 336 2858 crassos
358 2796 510 2859 transisse
534 2795 599 2857 dies
621 2796 788 2877 lucemque
808 2796 998 2876 palustrem,
1173 2802 1215 2859 bt)

166 3021 208 3068 36.
228 3048 260 3057 -
280 3030 330 3068 tum
347 3038 369 3069 s.
391 3025 527 3069 S.-curu
543 3037 566 3068 s.
580 3025 616 3068 M.
637 3025 674 3069 lb.
691 3025 890 3082 -suspieis't'.
929 3022 1210 3084 37.-mmf.aau1.

95 3092 137 3138 38.
158 3092 273 3137 extendit
290 3093 380 3138 Omnes
404 3095 461 3137 mei.
500 3090 541 3138 42.
562 3118 585 3126 -
607 3093 744 3138 destertsre
759 3096 788 3139 F.
827 3092 869 3139 15.
890 3118 923 3128 —
941 3092 1003 3138 ltosc
1024 3095 1082 3140 dub.
1102 3096 1161 3140 TM.
1182 3117 1214 3128 -

92 3162 206 3222 equidem
221 3162 318 3207 dubites
332 3164 362 3207 R.
401 3162 442 3207 51.
462 3161 555 3206 Nescio
569 3161 643 3222 quod]
662 3164 714 3208 Vb.
736 3186 766 3196 -
785 3163 818 3208 N.
835 3164 895 3223 quid
907 3164 1026 3209 Tusuut.
1046 3165 1082 3209 lb.
1103 3189 1136 3199 -
1154 3171 1214 3210 tem-

88 3239 163 3291 peret
180 3232 255 3276 RSM.
293 3232 334 3277 55.
355 3257 388 3266 —
407 3233 504 3290 cymini
523 3233 553 3277 T.
571 3238 594 3277 et
612 3234 741 3292 Margus.
763 3253 796 3269 -
814 3234 971 3279 ciminiVA.
1010 3232 1051 3279 57.
1072 3258 1105 3268 —-
1123 3235 1213 3293 dequo-

94 3303 147 3361 quit
166 3302 195 3346 R.
257 3297 298 3346 58.
318 3300 348 3345 In
367 3300 488 3345 Venerem
506 3307 545 3345 est
557 3302 663 3359 putris:
690 3300 746 3360 sed]
774 3303 841 3346 ESA.
863 3305 942 3348 -in
964 3301 1084 3348 Venerem
1107 3305 1214 3361 putris:

93 3370 140 3415 sed
157 3373 192 3416 M.
217 3390 251 3402 -
274 3368 304 3414 ln
323 3377 431 3414 uentrem
449 3368 507 3428 (sic)
522 3373 608 3428 putris
627 3378 683 3417 est:
713 3370 759 3416 ssd
782 3373 857 3416 Tuv.
909 3370 951 3418 59.
981 3392 1015 3407 ·-
1038 3387 1061 3417 r.
1080 3369 1161 3432 frugi
1182 3374 1212 3416 R.

95 3436 137 3484 ⁶0.
166 3441 278 3484 transire
298 3454 421 3495 superscr.
442 3454 479 3485 ss.
499 3439 528 3485 lt.
548 3460 579 3474 -
597 3441 711 3485 traxisse
731 3441 761 3484 T.

164 3597 205 3644 38.
226 3599 335 3645 ostendit
353 3615 375 3644 r.
422 3599 463 3646 51.
482 3600 594 3656 Nescio,
614 3603 691 3660 qnid?
718 3608 784 3646 certe
800 3604 844 3658 pP.
889 3600 931 3646 58.
950 3600 980 3645 In
998 3614 1111 3645 uenerem
1126 3601 1213 3657 putris

96 3670 161 3713 wW.
183 3670 219 3712 lb.
240 3667 368 3729 cher-ngr«
387 3671 443 3713 rW.

161 3829 206 3876 dl.
232 3829 327 3875 Nostro
345 3831 383 3875 vet
401 3829 510 3890 aequali]
529 3832 580 3877 Hoc
598 3835 727 3877 secundeum
751 3834 890 3890 astrologos
909 3832 975 3876 dicit.
1022 3831 1053 3874 Et
1073 3831 1110 3875 lu'c
1129 3844 1214 3878 seusus

93 3905 183 3944 tractus
212 3906 249 3944 est
273 3900 302 3943 ab
328 3901 447 3944 Horatio:
481 3901 520 3955 (C.
548 3899 578 3956 2,
609 3901 650 3946 17.
680 3900 732 3954 11.)
777 3901 827 3946 Seu
847 3900 926 3945 Libro
956 3914 1002 3944 seu
1032 3913 1071 3943 ms
1094 3898 1217 3959 Scorpius

93 3970 195 4027 aspicit.
234 3967 275 4014 52.
296 3967 369 4012 Mille
388 3967 515 4013 bominum
530 3969 640 4029 species]
659 3971 690 4014 Et
709 3970 836 4015 Horatius:
865 3968 904 4026 (S.
925 3967 951 4023 2,
972 3965 1045 4024 127.)
1065 3966 1128 4030 Quot
1143 3972 1218 4029 copia

93 4044 145 4082 tum
177 4039 272 4091 uiuunt,
305 4037 406 4082 totidem
433 4036 576 4084 studiorum
602 4038 697 4084 Milliu.
743 4039 775 4082 Et
799 4038 945 4083 Terentius:
977 4037 1033 4093 (Pb.
1054 4035 1083 4092 2,
1116 4036 1140 4083 4.
1162 4037 1216 4095 14.)

93 4105 158 4166 Quot
175 4108 277 4164 cupito,
298 4112 333 4151 tot
350 4105 496 4150 sententiae.
536 4105 578 4156 53.
598 4107 666 4152 Velle
685 4121 758 4153 snum
776 4108 865 4167 cuique
879 4105 926 4164 est]
945 4107 978 4150 ttt
995 4108 1128 4166 Virgilius:
1149 4108 1215 4163 (Eel.

93 4174 119 4228 2,
141 4172 197 4232 65.)
215 4173 294 4220 trabit
312 4189 360 4220 suu
380 4189 498 4234 quemque
517 4178 641 4234 uoluptas.
686 4173 727 4222 51.
748 4176 798 4221 Sub
817 4177 869 4220 sole
887 4174 993 4235 recenti]
1012 4176 1057 4221 Est
1076 4176 1114 4220 hie
1132 4190 1217 4222 sensus

93 4244 123 4287 ab
149 4245 250 4289 Horatio
268 4250 374 4289 tractus:
397 4244 432 4299 (S.
455 4242 483 4298 1,
506 4242 530 4290 l.
551 4243 606 4300 29.)
626 4245 672 4290 Hic
692 4251 770 4290 mutut
787 4259 885 4290 merces
903 4251 1024 4306 surgente
1042 4259 1058 4288 α
1076 4247 1138 4289 sols.
