2782 4762
184 183 226 247 60

182 344 273 415 Inter
295 362 329 406 se
345 342 484 425 pecudes
507 347 740 422 compactaque
763 335 905 399 membra
926 331 1136 398 animantum

181 447 382 529 Propterea,
405 442 498 529 quia,
521 463 602 527 quae
623 442 662 504 de
680 438 777 503 terris
796 459 880 502 nunc
901 458 1031 523 quoque
1053 435 1231 509 abundant,
1248 420 1257 441 ⁸

181 551 365 612 Herbarum
387 567 506 631 genera
524 566 562 608 ac
584 543 697 628 fruges
719 544 912 627 arbustaque
933 541 1033 616 laeta,

180 653 259 716 Nou
277 662 381 716 tamen
398 649 483 732 inter
497 669 530 712 se
552 656 688 730 possunt
709 643 880 728 complexa
901 640 1023 718 creari3
1240 634 1303 703 990

182 745 248 818 Sed
267 754 294 817 si
314 774 459 839 quaeque
481 771 539 814 suo
562 749 627 813 ritu
649 746 799 833 procedit
818 757 849 810 et
873 767 994 810 omnes·
1255 758 1257 761 ·

181 858 330 923 Foedere
348 867 480 920 naturae
499 864 590 918 certo
613 850 796 916 discrimina
817 858 959 912 servant.

245 961 291 1023 Et
311 979 410 1044 genus
433 959 601 1020 humanum
625 953 725 1018 multo
748 951 809 1016 fuit
828 950 908 1015 illud
932 950 965 1013 in
989 949 1076 1014 arvis

181 1061 320 1137 Durius,
343 1071 378 1124 ut
400 1059 523 1136 decuit,
545 1057 638 1122 tellus
661 1058 749 1143 quod
772 1058 851 1119 dura
872 1063 1031 1129 creasset3

184 1166 229 1230 Et
250 1161 426 1228 maioribus
447 1172 480 1226 et
497 1159 611 1226 solidis
630 1159 732 1244 magis
754 1157 881 1223 ossibus
902 1156 987 1220 intus
1241 1153 1329 1218 925·

181 1268 381 1342 Fundatum,
405 1263 521 1329 validis
540 1275 648 1346 aptum
666 1285 726 1346 per
749 1261 873 1325 viscera
892 1259 1018 1338 nervis,

182 1370 256 1433 ,Nec
275 1367 371 1433 facile
390 1390 432 1432 ex
453 1377 541 1431 aestu
562 1388 621 1431 uec
639 1366 767 1451 frigore
792 1366 881 1450 quod
901 1374 1070 1447 caperetur

182 1472 253 1536 Nec
276 1469 421 1535 novitate
444 1468 511 1533 cibi
532 1491 592 1533 nec
616 1468 682 1531 labi
706 1466 859 1551 corporis
885 1466 962 1530 ulla.

200 1601 202 1605 ’
247 1573 419 1659 Multaque
438 1594 498 1655 per
520 1571 641 1635 caelum
662 1570 742 1635 solis
760 1569 924 1634 volventia
942 1569 1043 1632 lustra

183 1674 380 1761 Volgivago
402 1673 500 1738 vitam
522 1675 711 1737 tractabant
724 1687 816 1736 more
838 1672 992 1736 serarum.
1242 1671 1306 1735 930

184 1780 257 1843 Nec
277 1781 429 1843 robustus
448 1788 518 1841 erat
540 1775 632 1840 curvi
654 1777 841 1842 moderator
861 1774 962 1838 aratri

185 1879 363 1967 Quisquam
382 1901 441 1945 nec
461 1879 564 1943 scibat
585 1879 676 1942 ferro
699 1877 846 1942 molirier
869 1901 966 1953 arva;

184 1985 256 2048 Nec
278 2003 364 2047 nova
385 1982 540 2047 defodere
560 1980 594 2043 in
612 1994 730 2045 terram
750 1980 892 2066 virgulta
914 2003 1016 2066 neque
1035 1980 1107 2044 altis

184 2083 372 2149 Arboribus
395 2096 520 2148 veteres
541 2083 688 2147 decidere
710 2082 843 2146 falcibu’
865 2105 988 2148 ramos.

185 2189 283 2268 Quod
302 2186 352 2251 sol
375 2194 470 2273 atque
491 2185 611 2249 imbres
634 2188 804 2261 dederant,
828 2189 917 2270 quod
938 2199 1025 2249 terra
1052 2198 1177 2250 crearat
1223 2189 1306 2252 ‘935

185 2291 309 2374 Sponte
326 2311 401 2366 sna,
424 2288 500 2353 satis
517 2287 551 2351 id
573 2288 722 2372 placabat
744 2299 880 2370 pectora
903 2292 1040 2352 donum:

239 2460 300 2509 920.
316 2462 418 2520 possint
433 2461 464 2508 t..
480 2462 511 2506 Η.
557 2459 617 2508 921.
636 2463 702 2517 „Sed
718 2466 773 2507 tune
793 2463 915 2507 dumtaxat
930 2467 1030 2518 possunt
1048 2464 1141 2517 creari,
1161 2466 1181 2507 sl
1198 2477 1306 2522 quaeque

185 2530 250 2578 eet.”
266 2533 307 2578 Sic
322 2533 398 2587 cdd,
419 2533 492 2577 etiam
508 2531 538 2577 C.
557 2531 588 2577 Ε.
607 2532 649 2576 W.
675 2555 710 2566 -
732 2530 784 2577 sect
797 2532 836 2576 aic
850 2533 937 2591 Margo
954 2533 998 2580 Cd.
1014 2532 1045 2578 ll.
1059 2532 1104 2580 Ar.
1115 2533 1144 2579 P.
1155 2532 1185 2577 Α.
1207 2556 1239 2568 -
1257 2533 1307 2578 llea
1337 2583 1339 2586 Α

185 2602 225 2647 aic
242 2603 271 2648 1..
285 2602 350 2647 llas.
384 2598 443 2648 922.
462 2599 574 2646 Foedera
593 2607 701 2646 uatrerae
719 2608 788 2646 certo
804 2601 954 2646 discrimine
972 2608 1074 2647 serrant
1092 2603 1122 2649 G.
1161 2600 1221 2649 925.
1240 2617 1306 2648 cao-

99 2725 103 2736 }
169 2671 246 2717 vlidie
258 2658 320 2718 Ver.
334 2673 397 2717 Van.
408 2673 452 2717 Ar.
463 2672 493 2717 Ρ.
513 2673 579 2725 „Sed
598 2671 721 2716 Arnobius
738 2685 786 2716 non
805 2672 894 2727 patitur
912 2673 1031 2730 vulgatam
1049 2685 1134 2717 rocem
1146 2673 1174 2718 ds
1188 2675 1241 2717 loco
1253 2687 1306 2717 ruo-

184 2742 247 2792 veri.
267 2742 326 2787 Seil.
340 2742 362 2787 is
373 2741 430 2787 Lib.
443 2739 469 2786 2.
487 2754 512 2798 p.
527 2738 569 2787 54.
595 2739 703 2786 Ossibus
726 2741 781 2786 illis
797 2738 913 2800 fundata
930 2747 989 2786 sunt
1006 2754 1114 2800 corpora
1132 2747 1156 2786 et
1173 2755 1306 2788 nervorum

184 2811 347 2873 colligatione
371 2810 513 2857 decincta.’'
539 2811 613 2856 Walt.
669 2808 728 2857 926.
753 2816 777 2856 et
797 2809 890 2857 calidis
911 2811 1032 2856 itu-Har.
1088 2808 1147 2858 932.
1172 2811 1307 2872 quidquam

185 2875 263 2928 conl.
278 2878 303 2926 4.
321 2882 383 2928 Edd.
401 2885 458 2927 vett.
478 2881 552 2940 (unde
570 2879 705 2941 quidquam
719 2895 765 2926 nec
783 2880 891 2926 eribant.
907 2882 950 2925 W.
964 2880 1040 2935 coni.)
1057 2881 1189 2940 quisquam
1210 2887 1308 2927 servant

185 2951 215 2996 G.
229 2952 260 2998 tt.
279 2952 343 2996 Turn
360 2951 390 2997 (l.
404 2951 435 2995 Ε.
449 2952 584 2998 mollirier.
628 2948 687 2998 942.
707 2952 748 2996 Sia
760 2951 788 2996 C.
801 2951 832 2996 Ε.
852 2950 900 2995 Alii
916 2952 976 2996 Cdd.
988 2952 1031 2996 W.
1051 2950 1117 2996 dura
1132 2951 1201 2999 Bria.
1212 2952 1243 2997 A.
1262 2951 1307 2997 dia

184 3020 231 3066 At.
245 3023 275 3066 P.
287 3021 317 3065 1..
328 3021 358 3065 ll.
397 3016 456 3067 943.
476 3020 511 3066 ad
524 3020 615 3066 sedare
626 3021 737 3067 Macrob.
751 3019 764 3068 6
773 3053 780 3078 ,
795 3019 820 3068 6.
833 3021 863 3065 L.
875 3021 905 3066 Η.
949 3018 1008 3068 945.
1027 3022 1058 3066 Η.
1071 3022 1089 3069 l.
1105 3035 1188 3066 omnes
1205 3023 1265 3068 Cdd.
1282 3026 1308 3067 et

184 3090 247 3136 Edd.
266 3094 324 3135 vett.
346 3091 491 3145 corruptelis
512 3092 692 3149 delorrnuntur3
707 3105 732 3136 u.
745 3105 768 3137 c.
787 3090 927 3136 claricitati
945 3105 961 3135 a
977 3096 1009 3136 te.
1029 3091 1060 3135 Ε.
1080 3115 1113 3125 -
1131 3092 1245 3136 claritati
1265 3097 1306 3136 ate

185 3160 255 3205 Brit.
284 3183 317 3195 ·-
345 3160 460 3204 claritati
477 3173 494 3203 a
511 3165 534 3204 te
548 3161 609 3205 Ver.
622 3161 684 3209 Ven.
703 3161 766 3205 Tum
784 3175 797 3206 e
817 3162 881 3206 coni.
900 3161 996 3205 clarior
1011 3161 1105 3206 accitat
1120 3161 1206 3217 Pomp.
1217 3162 1306 3208 Laetus

186 3231 235 3275 site
251 3229 297 3275 Cd.
313 3228 343 3273 C.
359 3228 406 3275 Ar.
421 3230 452 3274 P.
469 3230 517 3286 A.;
543 3230 611 3274 cuius
628 3231 696 3274 verbi
715 3233 834 3289 quantitas
852 3235 876 3285 et
893 3234 1024 3277 auctoritas
1042 3230 1114 3276 dubia
1132 3236 1178 3276 est.
1216 3231 1307 3277 Omnes

186 3303 270 3356 postea
288 3299 317 3342 de
335 3298 396 3343 Sim.
410 3300 478 3343 Bosii
496 3300 560 3344 coni.
580 3300 719 3346 ediderunt:
739 3298 872 3346 claricitat
888 3301 938 3345 late
957 3300 975 3346 i.
990 3316 1012 3347 e.
1032 3302 1097 3346 clare
1116 3301 1187 3355 citat,
1206 3302 1308 3347 verbum

186 3368 251 3414 omni
270 3369 411 3414 auctoritate
429 3373 499 3428 atque
518 3370 590 3413 eliam
607 3370 719 3429 analogia
738 3371 891 3424 destitutum,
910 3383 966 3415 nam
984 3370 1135 3426 altitonans,
1155 3371 1305 3427 altivolans,

185 3430 393 3498 blandiloquum,
411 3453 471 3497 quae
488 3441 597 3493 landant,
626 3445 676 3483 toto
694 3454 783 3500 genere
807 3442 901 3485 diversa
920 3445 990 3487 sunt:
1021 3442 1140 3499 siquidem
1154 3455 1224 3486 neruo
1243 3443 1308 3487 iuter

184 3509 285 3553 Latinos
303 3509 418 3555 dixisset:
444 3509 570 3563 altiralut,
597 3508 804 3569 blandiloquitur.
837 3510 988 3555 Vocabulum
1003 3511 1136 3570 legitimum
1150 3510 1176 3555 b.
1190 3513 1207 3556 l.
1225 3516 1306 3558 esset:

185 3578 294 3625 Allectat
310 3578 376 3638 late,
405 3580 467 3637 quod
486 3593 515 3624 ue
534 3580 660 3624 literarum
678 3582 773 3638 quidem
792 3581 900 3625 ductibus
918 3593 1064 3640 magnopere
1083 3581 1203 3636 discrepat
1220 3596 1234 3625 a
1252 3595 1307 3626 cor-

89 3655 92 3661 ·
186 3653 270 3704 ruptae
283 3648 393 3693 lectionis
406 3649 523 3706 uestigiis.
553 3645 600 3706 [Ne
612 3650 712 3694 verbum
726 3656 905 3695 monstruosum
918 3652 1058 3706 deturparet
1073 3652 1145 3696 ctiam
1157 3651 1217 3696 banc
1227 3651 1307 3706 Edit„

186 3720 266 3774 recepi
282 3732 344 3762 nunc
359 3718 446 3763 bonam
462 3718 536 3764 Porb.
549 3721 612 3765 coni.
627 3717 710 3764 Claru’
722 3718 805 3780 citat]
861 3717 920 3766 946.
940 3721 975 3764 lla
988 3721 1075 3779 Margo
1088 3722 1133 3765 Cd.
1144 3720 1174 3768 Ε.
1185 3721 1215 3765 Α.
1229 3721 1259 3766 I..
1275 3721 1306 3766 ll.

186 3787 268 3844 (nocte
284 3788 345 3848 sagi
357 3786 449 3845 Bentl.)
468 3812 501 3823 -
519 3794 578 3833 uota
589 3790 675 3850 magis
686 3789 715 3835 C.
727 3814 759 3824 -·
770 3796 828 3835 uota
838 3791 912 3851 cagia
921 3791 953 3836 E.
965 3791 1026 3835 Cdd.
1037 3790 1095 3835 Alii.
1107 3791 1150 3834 W.
1171 3791 1218 3835 Sed
1230 3793 1308 3836 altera

187 3857 260 3902 lectio
276 3858 404 3902 uranifeslo
419 3869 492 3903 reru:
512 3873 603 3917 „quum
624 3865 694 3905 noctu
709 3866 852 3918 vagarentur
868 3861 945 3905 cubile
961 3865 1119 3918 quaerentes,
1136 3874 1189 3906 sese
1206 3862 1308 3917 recipie·

175 3927 244 3970 -baut
262 3927 286 3971 in
302 3928 399 3972 antra.”
426 3928 516 3973 Contra
532 3930 556 3973 in
572 3932 649 3975 altera
674 3931 794 3985 lectione,
823 3932 844 3975 si
864 3932 903 3989 qui
922 3929 1070 3990 significatus
1089 3930 1165 3984 inest,
1197 3931 1235 3975 bic
1254 3936 1306 3977 est:

186 3997 279 4050 „etium
298 4009 341 4050 per
360 3999 424 4042 diem
442 3998 569 4053 tenebant,
598 4000 737 4045 babitabant
754 4006 840 4055 antra,
860 4015 920 4058 quae
939 4005 1047 4058 palantes
1065 4001 1193 4058 aliquando
1211 4001 1308 4046 iuvene-

186 4065 267 4110 rant.''
295 4066 342 4110 Sed
360 4067 405 4111 boc
425 4068 505 4127 utique
524 4069 603 4112 ruiuus
621 4075 710 4125 aptum.
741 4071 860 4116 Elbabst
877 4071 934 4116 alibi
952 4071 1139 4131 v.noctiaagua
1157 4071 1230 4116 Lucr.
1257 4072 1308 4116 Pro

185 4132 364 4195 Nympharum
379 4136 465 4196 Pinzg.
482 4139 579 4184 volabat
592 4137 776 4198 Lympharum.
828 4138 887 4187 947.
907 4141 1176 4197 aestibantEdd.vstt.
1204 4142 1311 4187 exibant

186 4205 233 4250 Aa.
247 4205 307 4251 llas.
325 4207 387 4263 quod
406 4209 512 4262 reposui.
539 4209 652 4254 accibant
667 4210 744 4255 Codd.
764 4211 839 4269 aliq,
865 4214 938 4257 etiam
955 4212 986 4256 ll.
1008 4217 1038 4257 'ex
1054 4225 1100 4269 qna
1116 4212 1233 4255 ltalornm
1248 4213 1309 4256 scri·

187 4279 274 4331 ptura,
298 4277 381 4331 (eece,
401 4277 533 4332 accitana)
550 4284 632 4325 natum
647 4281 704 4339 aliq.
723 4281 800 4328 (lodd.
815 4281 867 4339 (C.)
882 4282 1002 4328 excibant
1016 4297 1030 4326 a
1042 4283 1116 4328 Walt.
1134 4286 1158 4327 et
1176 4282 1251 4328 l'orb.
1269 4297 1309 4328 re·
