2782 4762
169 173 230 237 tlt

174 335 219 397 At
243 353 302 397 vos
327 331 447 416 exiguo
469 328 599 411 pecori,
623 328 776 412 furesque
797 326 946 409 lupique,

233 433 381 507 Parcite3
405 435 443 495 de
465 452 582 515 magno
605 442 654 493 est
674 430 794 511 praeda
816 429 953 511 petenda
976 443 1091 511 greges

170 537 233 601 Hic
256 556 318 620 ego
341 547 569 618 pastoremque
593 532 694 595 meum
717 532 853 595 lustrare
875 528 1046 613 quotannis

235 641 278 700 Et
300 637 454 718 placidam
478 636 568 698 soleo
590 655 745 718 spargere
766 633 850 696 lacte
872 632 999 696 Palem.

168 739 308 814 Adsitis,
333 737 416 814 divi,
442 759 500 800 nec
523 757 582 800 vos
605 739 643 799 de
666 757 808 819 paupere
831 755 937 798 mensa

230 843 327 906 Dona
350 861 408 902 uec
431 861 448 902 e
470 838 558 921 puris
581 837 721 919 spernite
742 836 908 902 fictilibus.-

169 942 294 1008 Fictilia
317 941 463 1025 antiquus
485 941 621 1022 primum
644 939 706 1002 sibi
725 938 805 1002 fecit
826 938 962 1023 agrestis

232 1044 375 1117 Pocula,
401 1046 439 1105 de
460 1041 549 1104 sacili
571 1042 818 1125 composuitque
840 1041 923 1104 luto.

169 1148 244 1211 Non
268 1166 332 1227 ego
356 1139 481 1206 divitias
504 1154 630 1225 patrum
652 1145 841 1225 fructusque
862 1142 1018 1225 requiro,

237 1249 328 1328 Quos
351 1246 422 1308 tulit
444 1245 574 1328 antiquo
597 1245 726 1309 condite
748 1244 859 1309 messis
882 1266 958 1308 avo.

176 1351 286 1413 Parva
309 1369 402 1431 seges
424 1347 500 1409 satis
523 1359 587 1421 est3
611 1347 686 1409 setis
708 1358 773 1422 est,
797 1345 999 1429 requiescere
1021 1346 1105 1409 lecto

232 1450 268 1513 Si
288 1448 364 1513 licet
387 1461 419 1512 et
441 1449 540 1513 solito
564 1451 703 1512 membra
725 1449 837 1511 levare
858 1459 948 1512 toro.

170 1553 272 1633 Quam
295 1551 384 1615 iuvat
404 1548 540 1613 immites
563 1563 677 1614 ventos
700 1550 808 1613 audire
830 1552 997 1614 cubantem
1051 1624 1054 1631 .

233 1655 277 1716 Et
299 1653 457 1718 dominam
479 1664 593 1717 tenero
617 1652 786 1715 detinuisse
809 1651 899 1715 sinus

169 1757 257 1832 Aut,
284 1754 402 1839 gelidas
424 1755 575 1816 hibernus
598 1775 696 1836 aquas
719 1775 816 1837 quom
838 1753 957 1817 fuderit
979 1755 1120 1828 Auster,

161 1891 164 1896 ·
232 1860 384 1921 Securum
408 1876 538 1919 somnos
559 1854 661 1918 imbre
682 1854 810 1917 iuvante
833 1855 940 1939 sequi!

169 1961 244 2022 Hoc
267 1957 343 2020 mibi
365 1957 552 2041 contingat:
577 1957 617 2020 sit
639 1957 728 2020 dives
749 1956 841 2033 iure,
866 1956 1010 2021 furorem

234 2060 297 2141 Qui
320 2059 414 2122 maris
437 2072 468 2122 et
490 2059 600 2122 tristes
621 2058 711 2123 serre
733 2071 842 2141 potest
863 2059 1003 2141 pluvias.

170 2164 201 2227 Ο
224 2173 375 2246 quantum
397 2173 445 2224 est
468 2161 535 2224 euri
555 2173 670 2244 pereat
691 2161 863 2247 potiusque
885 2163 1064 2245 smaragdi,

235 2263 338 2343 Quam
360 2263 434 2325 fleat
457 2266 500 2327 ob
522 2273 649 2326 nostras
672 2264 734 2326 ulla
756 2263 862 2345 puella
888 2262 974 2326 vias!

171 2368 220 2428 'l'e
241 2366 361 2428 bellare
383 2368 474 2428 decet
495 2377 600 2441 terra,
624 2366 787 2438 Messala,
812 2364 974 2448 marique,

233 2469 279 2531 Ut
301 2471 412 2530 domus
435 2466 566 2530 hostiles
590 2466 752 2547 praeferat
776 2466 933 2529 exuvias:

170 2570 230 2631 Me
252 2568 388 2632 retinent
410 2567 550 2632 vinctum
573 2568 735 2631 formosae
759 2568 863 2631 vincla
885 2569 1010 2650 puellae
1088 2586 1091 2591 ·

233 2673 278 2734 Et
299 2674 397 2734 sedeo
419 2671 514 2732 duras
535 2668 652 2732 ianitor
674 2680 744 2732 ante
766 2669 869 2734 iores.

170 2775 246 2837 Non
269 2794 332 2856 ego
355 2770 479 2834 laudari
502 2792 599 2847 euro,
625 2792 692 2833 mea
715 2771 828 2835 Delia:
852 2783 954 2834 tecuru

231 2876 415 2939 Dummodo
438 2873 514 2949 sim,
540 2894 660 2957 quaeso
684 2874 789 2959 segnis
812 2874 959 2956 inersque
982 2897 1095 2940 vocer.

169 2979 218 3040 Te
241 2988 401 3058 spectem,
425 2996 573 3058 suprema
596 2974 672 3037 mibi
694 2997 791 3060 quom
813 2976 938 3040 venerit
960 2979 1059 3052 bora,

234 3082 283 3140 'l'e
305 3089 429 3140 teneam
452 3077 591 3141 moriens
615 3077 781 3140 deficiente
804 3100 909 3143 manu.

171 3177 280 3243 Flebis
303 3191 334 3241 ct
357 3200 471 3242 arstrro
493 3178 630 3260 positum
655 3202 721 3256 me,
746 3180 858 3257 Delia,
882 3183 991 3258 lecto,

234 3280 396 3343 Tristibus
419 3293 450 3344 et
472 3281 609 3344 lacrimis
633 3282 743 3345 oscula
765 3282 864 3345 mixta
886 3284 988 3347 dabis.

232 3462 274 3509 28.
302 3465 384 3509 riuum
415 3465 499 3512 Burin.
528 3477 578 3508 see.
607 3465 639 3509 V.
696 3462 738 3509 29.
766 3462 888 3523 bidentes]
913 3480 967 3511 curn
996 3469 1055 3514 cdd.
1085 3469 1115 3515 L.
1145 3492 1173 3503 -
1203 3471 1288 3516 biden-

167 3542 216 3580 tem
232 3535 368 3591 Regiensis.
395 3535 484 3590 Volgo.
540 3530 583 3578 34.
608 3540 647 3578 eet
670 3534 752 3578 omisit
769 3535 800 3579 V.
825 3536 854 3579 de
872 3549 951 3580 more.
988 3537 1014 3582 ln
1033 3541 1113 3582 medlo
1133 3545 1285 3596 pentametro

167 3606 286 3649 collocent
303 3604 378 3647 Ccdd.
397 3603 514 3660 plerique.
533 3603 576 3646 W.
596 3603 627 3646 fl.
646 3603 675 3646 L.
713 3604 739 3647 lu
758 3600 805 3647 fine
824 3603 901 3652 Codd.
916 3618 968 3650 sex.
982 3607 1028 3651 Ed.
1043 3622 1081 3662 pr.
1094 3610 1136 3664 lt„
1156 3624 1185 3653 ue
1204 3615 1285 3664 peuta-

167 3679 244 3718 meter
272 3674 295 3716 in
315 3675 413 3717 brevem
430 3671 547 3726 syllabam
575 3673 666 3716 desinat
684 3674 832 3729 evitetorque
851 3674 1001 3719 hiutuscmn
1021 3689 1079 3720 uoce
1097 3692 1149 3734 seq.
1170 3679 1285 3724 Fortasse

167 3744 240 3786 uiuus
258 3747 379 3786 eccur-ele.
444 3738 486 3785 36.
515 3739 593 3784 Pelen
611 3743 643 3785 V.
707 3736 750 3787 37.
775 3755 821 3786 nee
846 3758 900 3788 cum
918 3743 977 3789 cdl.
999 3750 1023 3789 et
1040 3746 1104 3791 Scal.
1125 3747 1154 3792 L.
1174 3761 1219 3802 pro
1236 3762 1286 3792 nere

166 3813 239 3868 Vulg.
260 3826 273 3854 e
289 3824 402 3868 paupere
420 3824 472 3854 curn
491 3811 554 3854 Scel.
575 3814 599 3854 et
616 3810 715 3855 Lecbrn.
734 3824 852 3867 reponere
871 3828 917 3857 uon
936 3815 1012 3868 potui.
1078 3812 1120 3860 ll.
1141 3815 1236 3875 levore]
1250 3818 1285 3861 al-

168 3881 261 3933 levare,
294 3878 414 3933 reficere,
445 3892 568 3923 recreare.
612 3880 697 3924 floret.
717 3882 764 3936 Ep.
788 3879 818 3935 2,
854 3881 881 3936 l,
915 3880 998 3928 139.:
1035 3883 1146 3930 lecenter
1175 3891 1286 3943 tempore

160 3945 232 4006 seclo
250 3962 352 4006 corpus.
389 3948 426 3991 Lx
443 3949 557 4003 interpol.
575 3949 634 3993 Cdd.
648 3950 706 4007 aliq.
724 3947 823 4008 referre
836 3952 867 3995 V.
881 3952 924 3996 W.
979 3949 1023 3997 lt.
1043 3955 1199 4000 continuisse
1209 3969 1284 4010 paene

166 4018 265 4062 ridicule
281 4018 341 4061 (dd.
361 4019 435 4074 aliq.;
455 4032 514 4075 ques
527 4020 599 4062 lectio
609 4023 662 4063 orta
675 4024 713 4064 est
725 4033 754 4063 ex
765 4035 803 4074 ec,
816 4022 877 4078 quod
888 4021 949 4066 baud
962 4021 1022 4066 setis
1033 4023 1197 4082 intelligerent
1209 4025 1285 4083 signi·

166 4085 264 4130 ficetum
294 4099 317 4129 v.
347 4084 500 4142 detinuisse,
522 4083 673 4144 seetleclteu.
728 4086 771 4135 lt.
790 4089 874 4143 dirce,
906 4091 973 4135 inire
990 4087 1110 4151 sororem
1137 4095 1198 4138 mira
1218 4096 1282 4138 coni.

167 4160 240 4201 Ceus.
260 4155 310 4200 leo.
330 4153 424 4199 brinate
442 4161 520 4201 lernen
538 4157 568 4201 ab
588 4171 635 4202 uno
652 4157 682 4201 L.
699 4158 799 4204 Codice.
854 4157 896 4206 50.
916 4166 941 4204 et
957 4161 1024 4205 caeli
1041 4161 1128 4207 nubila
1137 4159 1214 4222 serre
1229 4170 1284 4220 pot-

167 4231 205 4270 est
221 4225 341 4282 Excerpta
368 4230 426 4272 vett.
446 4249 478 4260 -
502 4223 611 4284 Hyadas
635 4240 680 4281 pro
696 4228 796 4285 pluviae
814 4230 911 4276 volebat
928 4230 1022 4275 Heius.
1079 4229 1123 4277 51.
1143 4232 1204 4277 Cum
1222 4233 1283 4277 Cdd.
