2782 4762
453 696 799 820 nunaunt'x
837 742 1035 818 emen
1186 853 1191 862 Δ

665 949 770 1006 ¹nr

551 1082 930 1164 BUCOLICA.

632 1317 856 1334 -ι-ιι-ι

471 1455 1009 1544 m.nuunu1nncau1

332 1584 551 1686 Peranna
573 1619 652 1682 Lu.
675 1617 741 1684 1x.
766 1590 946 1684 att-sm.
970 1616 1150 1683 aaa-aso.
1231 1694 1234 1699 ,

225 1759 368 1824 Ventum
391 1770 460 1824 erat
482 1762 522 1824 ad
550 1758 720 1842 templum,
752 1756 889 1840 Libyeis
916 1759 1005 1843 quod
1036 1756 1185 1839 gentibus
1211 1778 1313 1819 tiniam

183 1861 304 1927 Inculti
326 1863 534 1926 Garamantes
555 1862 688 1926 habent.
739 1863 811 1925 Stat
831 1860 964 1925 sortifer
985 1859 1051 1923 illie

184 1963 352 2046 Iuppiter,
373 1972 411 2027 nt
432 1976 624 2039 memorant,
648 1966 705 2027 sed
726 1984 790 2028 non
813 1972 868 2054 aiit
888 1961 1020 2027 fulmina
1043 1960 1173 2026 vibrans

184 2066 253 2130 Aut
273 2064 383 2131 similis
405 2076 540 2142 nostro,
569 2068 626 2130 sed
648 2065 741 2131 tortis
763 2067 916 2131 cornibus
938 2065 1092 2130 Ammon.

183 2169 263 2233 Non
283 2166 329 2232 illi
351 2167 496 2249 Libycae
517 2179 704 2252 posuerunt
717 2168 791 2232 ditia
814 2180 926 2254 gentes
1244 2169 1309 2233 515

185 2270 321 2353 Templa
342 2291 403 2335 nee
424 2270 505 2336 Eois
527 2272 692 2353 splendent
714 2270 846 2336 donaria
869 2268 1014 2357 gemmis.

186 2371 341 2454 Quamvis
362 2371 560 2455 Aethiopum
583 2373 712 2456 populis
733 2375 943 2457 Arabumque
966 2371 1067 2436 beatis

186 2473 345 2540 Gentibus
367 2485 464 2561 atque
485 2475 572 2539 indis
594 2497 674 2539 unus
695 2475 737 2539 sit
757 2474 905 2558 Iuppiter
925 2476 1084 2552 Ammon,

184 2576 317 2660 Pauper
338 2578 442 2641 adhue
463 2580 541 2642 deus
563 2589 629 2654 est,
653 2577 747 2641 nullis
769 2578 886 2643 violata
910 2600 968 2660 per
985 2599 1106 2643 aevom

185 2677 316 2744 Divitiis
337 2679 470 2744 delubra
491 2690 622 2756 tenens3
652 2701 841 2766 morumque
863 2680 1008 2763 priorum
1245 2685 1311 2747 520

186 2781 313 2846 Numen
335 2782 485 2850 Romano
506 2783 658 2865 templum
682 2783 821 2847 defendit
843 2785 884 2846 ab
907 2804 1002 2848 altro.

186 2884 271 2949 Esse
292 2884 373 2950 loeis
395 2885 539 2968 Superos
561 2896 698 2950 testatur
720 2885 800 2949 silva
821 2907 882 2969 per
904 2880 1029 2950 omuem

188 2987 266 3050 Sola
287 2985 398 3051 virens
419 2988 560 3073 Libyen.
604 2990 686 3051 Nam
710 2988 863 3073 quiequid
885 2988 1020 3070 pulvere
1042 2988 1129 3054 sicco

90 3081 93 3087 ’
186 3090 326 3171 Separat
347 3091 506 3153 ardentem
529 3089 633 3172 tepida
655 3089 844 3157 Berenicida
867 3090 985 3173 Lepti,

185 3188 326 3274 Ignorat
345 3190 496 3256 frondes:
518 3192 608 3257 solus
630 3177 740 3257 nemus
762 3192 893 3256 abstulit
914 3194 1065 3260 Ammon.
1244 3199 1312 3262 525

185 3291 346 3356 Silvarum
366 3291 441 3357 fons
463 3314 559 3358 caiisa
580 3294 672 3371 loeo,
696 3294 752 3380 qui
772 3295 879 3378 putria
901 3306 1007 3359 terrae

187 3393 314 3479 Adligat
335 3405 367 3459 et
388 3394 523 3461 domitas
545 3400 626 3461 tanda
648 3397 811 3463 connectit
833 3419 962 3462 arenas.

188 3697 321 3760 Stabant
342 3708 416 3762 ante
436 3697 528 3764 fores
548 3699 681 3783 populi,
706 3721 791 3784 quos
814 3701 944 3766 miserat
966 3705 1052 3780 Eos,

188 3797 427 3884 Cornigerique
449 3800 540 3865 Iovis
563 3803 684 3866 monitu
706 3825 791 3869 nova
812 3805 877 3869 lata
898 3808 1071 3885 petebante
1247 3811 1314 3874 545

187 3901 251 3963 Sed
272 3900 371 3965 Latio
392 3922 516 3967 cessere
537 3903 626 3978 duci3
653 3904 853 3991 comitesque
876 3907 1035 3973 Catonem

188 4004 314 4077 Orant,
338 4004 486 4087 exploret
508 4005 646 4087 Libyum
670 4020 842 4073 memorata
864 4029 922 4092 per
945 4013 1057 4074 orbem
1120 4013 1122 4019 ’

188 4104 344 4181 Illumne,
368 4109 407 4169 de
428 4108 511 4171 lama
534 4119 596 4172 tam
619 4109 710 4193 longi
732 4111 848 4175 iudicet
870 4113 953 4176 aevi.

188 4207 354 4272 lilaniums
374 4209 523 4276 hortator
543 4211 705 4276 scrutandi
728 4233 808 4279 voce
830 4217 964 4281 deorum
