2782 4762
1161 169 1226 231 211
1263 253 1267 259 .

102 335 242 402 Caecum
267 336 381 397 volnus
403 335 520 407 habcs3
543 336 600 397 sed
620 333 687 396 lato
710 331 834 395 balteus
857 351 936 394 auro

101 436 283 521 Praetegit.
308 469 349 478 -
374 438 417 501 Ut
441 435 561 511 mavis,
586 438 625 496 da
649 435 748 498 verba
771 445 802 496 et
825 432 935 514 decipe
956 452 1096 509 nervos,
1186 432 1226 493 dd

103 542 137 605 Si
158 552 266 622 potes.
290 570 331 581 -
354 538 556 621 „Egregium
581 558 678 620 quom
702 555 751 598 nre
775 534 889 598 vicinia
911 535 1013 610 dicat,

102 645 178 708 Non
202 640 380 705 credam?”
404 672 444 683 —
468 641 551 704 Viso
575 640 601 703 si
622 639 743 720 palles,
767 638 934 720 improbe,
964 657 1111 710 numeno3

103 747 138 810 Si
160 744 257 820 lacis,
282 744 312 806 iu
335 765 447 825 penem
472 741 626 826 quidquid
648 741 706 804 tibi
728 742 815 804 venit
838 762 997 814 amarum,

12 882 15 891 ¹
104 848 139 912 Si
160 847 268 930 puteal
291 846 388 908 multa
411 858 519 908 cautus
545 845 648 908 vibice
670 846 833 928 flagellas,

103 949 328 1034 Nequidquam
352 949 477 1030 populo
499 947 624 1010 bibulas
646 947 815 1010 donaveris
839 967 943 1010 aures.

104 1055 254 1134 Respue,
280 1053 366 1133 quod
388 1072 452 1115 non
475 1071 528 1115 es:
553 1051 646 1113 tollat
667 1071 723 1112 sna
746 1070 876 1113 munera
899 1052 1021 1122 cerdo;

105 1158 224 1218 Tecum
248 1154 378 1216 habitat
404 1153 510 1228 noris,
536 1174 628 1235 quam
652 1152 693 1215 sit
716 1151 772 1215 tibi
794 1163 883 1215 curta
905 1152 1064 1232 supellex.

463 1311 639 1375 SATIRA
670 1311 865 1390 QUINTA.

145 1433 284 1496 Vatibus
307 1432 358 1495 bic
381 1455 449 1496 mos
473 1445 538 1509 est,
565 1444 690 1494 cenurm
715 1431 776 1494 sibi
797 1452 935 1514 poscere
959 1451 1073 1508 voees,

105 1535 241 1600 Centum
266 1557 323 1599 ora
347 1545 379 1598 et
400 1535 525 1618 linguas
548 1546 662 1615 optare
683 1533 715 1594 in
739 1533 878 1596 carmina
900 1546 1048 1597 centum:

104 1639 226 1702 Fabula
249 1660 307 1700 seu
330 1648 451 1700 maesto
475 1648 615 1718 ponatur
637 1635 750 1698 hianda
773 1639 951 1720 tragoedo,

105 1742 253 1804 Volnera
275 1762 330 1804 seu
353 1739 466 1803 Parthi
488 1737 633 1801 ducentis
656 1743 695 1801 ab
718 1738 847 1820 inguine
869 1739 1003 1802 ferrum.
1028 1771 1068 1781 -

106 1843 294 1924 „Quorsum
318 1840 421 1930 baec?
444 1852 498 1903 ant
519 1853 652 1924 quantas
675 1840 800 1903 robusti
823 1839 971 1904 carminis
995 1841 1076 1905 offas
1205 1844 1225 1903 5

103 1945 249 2028 Ingeris,
274 1956 309 2007 ut
329 1965 388 2026 par
411 1944 451 2006 sit
474 1955 608 2006 centeno
632 1955 763 2026 gutture
785 1941 867 2004 niti?

106 2049 234 2111 Grande
257 2045 397 2110 locuturi
420 2046 552 2107 nebulas
576 2046 736 2108 Helieone
759 2046 918 2128 legunto,

103 2148 140 2212 Si
163 2149 278 2233 quibus
300 2159 355 2211 aut
377 2148 524 2212 Procnes
546 2158 600 2209 aut
623 2147 648 2208 si
672 2149 785 2231 quibus
809 2148 874 2210 olla
898 2149 1059 2227 Thyestae

103 2251 275 2326 Fervebit,
301 2271 398 2333 saepe
420 2250 541 2313 insulso
566 2251 728 2312 coenanda
751 2249 904 2329 Glyconi.

105 2355 158 2415 Tu
180 2373 284 2436 neque
307 2352 484 2427 anhelanti,
509 2351 658 2433 coquitur
680 2352 753 2413 dum
777 2373 878 2415 massa
901 2351 1047 2429 camino,
1186 2352 1226 2414 10

104 2454 200 2517 Folle
222 2453 340 2536 premis
365 2465 498 2517 ventos:
523 2474 582 2515 nec
604 2457 713 2517 clauso
736 2475 897 2516 murmure
919 2475 1036 2518 raucus

104 2555 225 2618 Nescio
249 2556 324 2640 quid
348 2567 451 2618 tecum
474 2577 575 2639 grave
598 2553 772 2617 corniearis
795 2555 926 2637 inepte,

104 2658 174 2721 Nec
196 2658 328 2741 stloppo
350 2657 485 2720 tumidas
508 2658 642 2730 intendis
664 2677 812 2738 rumpere
836 2659 965 2720 buccas.

174 2828 216 2875 11.
236 2849 270 2864 -
293 2827 407 2874 baltheus
427 2829 479 2874 RE.
535 2827 577 2884 45,
603 2850 638 2864 -
660 2829 773 2889 Protegit
794 2827 898 2875 TVAM.
948 2826 990 2874 17.
1010 2853 1044 2864 -
1061 2829 1100 2876 Na
1123 2833 1226 2878 credam

103 2900 161 2943 ΒΜ.
208 2895 239 2944 19
271 2920 299 2930 -
319 2905 410 2943 cautus
428 2900 507 2943 malta
524 2900 644 2944 TRSAM.
694 2896 736 2944 5⁰.
756 2922 789 2931 -
807 2896 971 2957 Nequaquam
989 2901 1020 2944 V.
1067 2900 1109 2947 51.
1128 2923 1159 2938 ι-
1176 2917 1228 2948 raon

102 2974 142 3012 eet
160 2968 186 3011 S.
224 2965 267 3011 52.
286 2964 387 3014 habita:
406 2965 487 3026 noris]
507 2967 581 3013 Tun.
601 2989 635 3001 ·-
652 2964 739 3011 hadita
758 2973 785 3012 ut
798 2968 870 3011 ueris
887 2967 986 3013 Vsum.

175 3035 292 3080 sn'rtua
311 3039 341 3081 V.
381 3035 405 3080 1.
432 3057 465 3068 —
492 3037 538 3080 tibi
562 3037 593 3082 T.
641 3035 760 3082 6,-1,
784 3037 889 3097 gurgite
916 3037 945 3081 F.
966 3061 999 3072 -
1016 3051 1040 3081 c.
1059 3038 1174 3083 carmine
1192 3039 1223 3084 Α.
1303 3083 1307 3088 ,

106 3104 132 3151 7.
154 3116 186 3149 =
206 3106 332 3164 loquuturi
343 3105 373 3149 E.
394 3104 419 3150 8.
440 3127 473 3142 -
487 3119 602 3166 prognes
625 3104 767 3150 TRESAM.
789 3104 830 3153 11.
851 3123 885 3140 ι-
897 3107 968 3150 cluso
984 3109 1014 3151 V.
1035 3105 1071 3152 lb.
1089 3129 1118 3139 -
1138 3109 1226 3155 raucis

15 3161 24 3182 '
106 3177 138 3219 V.
178 3171 219 3219 13.
238 3194 273 3209 ·-
291 3176 371 3231 atlope
391 3176 444 3219 RV.
467 3199 487 3208 -
510 3177 612 3234 seloppo
629 3175 659 3219 Ε.
674 3199 707 3208 -
720 3176 805 3232 aclopo
823 3175 875 3219 Ta,
896 3199 929 3209 —
947 3175 1043 3234 atreplo
1059 3176 1089 3222 F.
1109 3197 1141 3214 -·
1158 3179 1224 3225 eclo-

100 3245 145 3302 ple
161 3244 191 3288 F.
211 3268 244 3278 —
263 3241 365 3301 calepio
380 3245 416 3287 Μ.
436 3265 472 3278 -
488 3242 577 3302 tropico
595 3245 621 3288 S.
659 3244 696 3289 lb.
716 3264 745 3279 -
763 3243 881 3289 intendas
897 3245 926 3289 R.

175 3401 217 3449 15.
237 3403 352 3463 Protegit
370 3417 395 3459 p.
416 3402 458 3449 52.
475 3400 560 3448 babila
568 3437 574 3459 ,
595 3410 619 3448 et
630 3405 701 3450 neria
713 3419 735 3449 r.
750 3405 840 3462 (sicque
852 3405 939 3450 Petrus
952 3407 1077 3452 Blesensis
1089 3404 1138 3467 Ep.
1152 3404 1225 3467 107.)

177 3473 303 3517 sertus.
324 3475 356 3517 V.
397 3470 421 3517 7.
440 3473 567 3533 loquuturi
584 3475 614 3518 P.

107 3566 258 3578 .—

175 3610 218 3658 44.
239 3610 345 3658 Caecum
362 3614 449 3659 celeus
467 3613 554 3673 bader]
573 3617 608 3661 De
623 3615 796 3674 gladiatoribus
808 3619 924 3669 tractum,
945 3616 984 3673 qui
998 3622 1097 3671 accepto
1116 3618 1225 3672 volnere,

104 3684 214 3728 inaurato
232 3683 311 3728 balteo
330 3688 421 3742 tegunt.
466 3681 509 3730 19.
533 3683 632 3742 Puteal]
651 3687 811 3729 l'cneratores
829 3686 859 3728 ad
885 3687 963 3739 puteal
986 3685 1106 3728 Scribonii
1128 3685 1228 3731 Libonis

105 3753 150 3807 (sie
171 3752 239 3797 Reiz.
262 3774 291 3784 -
311 3751 443 3798 Scribonia
461 3751 556 3797 Licinii
575 3754 641 3799 Pitb.
660 3754 717 3798 Cas.
762 3754 789 3796 ln
811 3766 864 3798 var.
891 3755 973 3801 lectt:
1006 3753 1065 3807 „Au
1088 3754 1228 3811 Libonis.”)

105 3822 168 3878 quod
187 3826 224 3865 est
241 3822 265 3864 in
286 3823 379 3876 portien
403 3822 463 3866 lulia
481 3824 510 3866 ad
526 3823 659 3868 Fabianum
676 3836 773 3877 arcum,
794 3822 926 3866 consistere
945 3822 1063 3867 solebant.

176 3890 294 3934 SA'l'lllA
311 3892 342 3936 V.
382 3888 405 3936 9.
426 3887 559 3936 Coenanda
580 3889 702 3951 Glyconi]
721 3891 813 3946 Glycon
835 3893 962 3949 tragoedus
979 3893 1067 3946 populo
1088 3893 1149 3937 inire
1174 3895 1226 3948 pla·

103 3959 166 4011 cuit,
187 3965 210 4003 et
221 3960 277 4003 ideo
293 3973 307 4003 a
325 3959 421 4004 Nerone
437 3962 596 4007 manumissus
615 3967 668 4017 est,
689 3962 750 4005 datis
771 3960 877 4018 Virgilio
895 3962 1020 4018 tragoedo,
1040 3961 1136 4005 domino
1158 3964 1226 4016 eius,

104 4041 150 4084 pro
168 4033 235 4081 parte
254 4028 369 4084 dimidia,
401 4043 471 4086 quarn
488 4031 639 4085 possidebat,
666 4030 835 4075 sestertiorum
851 4031 963 4073 trecentis
982 4029 1051 4084 (,,Α1.
1071 4033 1229 4077 sexcentis?

103 4095 317 4151 Ρ1111.)111111111111.
366 4098 410 4142 llic
425 4099 471 4142 fuit
485 4104 591 4146 staturae
611 4104 715 4160 longae,
740 4099 800 4142 tusci
818 4099 945 4153 corporis,
975 4100 1039 4143 labio
1060 4099 1171 4146 inferiori
1190 4104 1230 4147 de·

103 4165 197 4209 misso:
229 4171 356 4224 antequam
370 4166 560 4224 subornaretur,
588 4169 718 4216 deformis:
745 4167 840 4212 nescius
856 4169 946 4223 iocari,
975 4173 1154 4227 propterquod
1174 4185 1229 4217 curn

52 4272 61 4289 ,
104 4235 225 4279 insulsum
244 4236 346 4281 Persius
366 4237 434 4280 dixit.
