2782 4762
179 188 243 256 212

180 349 309 416 Multus
330 346 448 433 ubique
469 346 582 423 lab'or3
606 367 697 410 rarae
719 342 787 410 eine
808 346 963 411 Mentore
985 367 1124 411 mensae.

13 480 17 487 ·
105 534 109 541 ¹
178 455 258 518 Inde
280 452 451 517 Dolabella
473 459 522 514 est
544 460 639 534 atque
660 450 736 514 binc
757 449 938 526 Antonius,
962 448 1036 514 inde
1238 450 1307 516 105

179 555 364 639 sacrilegus
385 556 528 628 Verres3
551 553 735 617 referebant
756 552 891 616 navibus
914 551 986 616 altis

179 657 315 723 Occulta
337 655 440 738 spolia
463 666 494 719 et
516 655 624 738 plures
645 657 684 719 de
706 654 1005 737 pacetrimnphos.

180 762 279 826 Nune
300 758 395 823 sociis
416 757 494 842 iuga
516 778 619 841 patrea
640 759 758 834 bourn,
783 776 867 841 grex
887 778 1009 839 parvus
1032 776 1187 843 equarum

177 862 224 927 Et
245 872 336 944 pater
356 859 492 923 armenti
513 870 610 941 capto
632 857 785 942 eripietur
807 860 938 942 agello;

177 963 249 1047 Ipsi
271 962 382 1026 deinde
404 965 529 1055 Leges,
552 961 579 1024 si
601 964 689 1046 quod
711 961 886 1044 spectabile
908 962 1053 1046 signum,
1238 963 1306 1028 110

176 1066 215 1131 Si
236 1065 307 1151 quis
328 1065 360 1128 in
382 1030 526 1128 abbirim
548 1067 626 1127 deus
648 1062 773 1132 terricus.
818 1066 910 1129 Haeo
932 1064 1047 1127 etenim
1070 1075 1144 1128 suant

177 1169 248 1234 Pro
272 1165 420 1231 summis:
443 1188 515 1229 nam
538 1178 611 1230 stant
632 1167 711 1228 baec
733 1165 884 1269 marique.
902 1214 913 1241 ,1
928 1166 1095 1249 Despicias
1117 1179 1152 1231 tu

177 1269 330 1335 Forsitan
351 1269 496 1333 imbelles
518 1267 669 1332 Rhodios
691 1252 1116 1352 unotaiiiriquessorinthum:

175 1370 346 1454 Despicias
368 1370 497 1435 merito.
543 1369 630 1451 Quid
649 1371 788 1465 resinata
811 1370 957 1434 iuventus

177 1473 348 1557 Cruraque
369 1473 468 1538 totius
489 1472 610 1536 facient
631 1470 691 1534 tibi
716 1442 800 1536 ldiii
823 1472 951 1556 gentis?

175 1575 319 1640 Horrida
342 1575 469 1637 vitanda
492 1585 541 1638 est
563 1573 734 1655 Hispania,
761 1575 905 1638 Gallicus
927 1575 996 1639 axis

174 1677 405 1762 Illyricumque
427 1678 528 1740 latus:
551 1697 648 1759 parce
670 1687 702 1739 et
724 1678 918 1742 messoribus
939 1678 1018 1755 illis,

161 1780 242 1861 ¹Qui
264 1790 407 1844 saturant
428 1781 549 1851 Urbem
572 1777 661 1842 circo
682 1784 881 1863 scaenaeque
904 1791 1085 1846 vacantem.

176 1883 303 1963 Quanta
325 1893 428 1945 autem
450 1881 523 1945 inde
545 1879 631 1944 ieres
653 1892 716 1943 tarn
743 1881 831 1944 dirae
852 1883 993 1963 praemia
1016 1885 1147 1967 culpae,

175 1984 283 2066 Quom
305 1968 415 2047 tellis
437 2004 540 2065 nuper
562 1983 689 2046 Marius
711 1982 895 2047 discinxerit
917 1986 1044 2050 Afros?
1235 1989 1302 2052 120

174 2086 360 2152 Curandum
382 2084 565 2168 inprimis,
589 2105 629 2149 ne
651 2106 764 2171 magna
787 2085 902 2152 iniuria
925 2087 981 2150 liat

175 2188 332 2255 Fortibus
356 2198 388 2251 et
409 2187 544 2254 miseris.
587 2187 701 2252 Tollas
722 2187 796 2251 licet
820 2210 913 2253 omne
935 2192 1023 2274 quod
1044 2212 1179 2276 nsquam
1202 2176 1252 2256 est

172 2289 258 2357 Auri
278 2301 374 2374 atque
395 2289 539 2401 “gelffi‘
562 2300 686 2353 scutum
709 2291 912 2383 gladiumque
933 2291 1096 2393 relinques

172 2394 220 2460 Et
241 2392 343 2456 iacula
362 2400 396 2455 'et
417 2394 560 2476 galeam
581 2390 725 2475 spoliatis
748 2382 835 2457 arina
857 2359 1041 2476 simillia.

173 2496 274 2578 Quod
294 2497 393 2559 modo
414 2493 593 2578 proposui,
617 2515 683 2558 non
704 2505 754 2558 eat
774 2497 948 2573 sententia;
973 2517 1086 2563 verum
1230 2502 1296 2567 125

181 2720 184 2727 .
246 2676 306 2726 105.
335 2679 398 2724 Tres
425 2677 565 2724 Dolabellae
588 2684 752 2725 memorantur
770 2668 870 2724 infames
888 2681 1066 2735 provinciaram
1086 2683 1238 2739 direptores,
1270 2685 1296 2731 in

172 2747 261 2807 quibus
284 2750 315 2797 Ρ.
344 2748 473 2793 Cornelius
500 2747 627 2793 Dolabella
655 2748 780 2793 Ciceronis
797 2762 881 2807 gener.
902 2750 954 2795 Cic.
974 2750 1081 2806 Philipp.
1102 2750 1151 2806 tl,
1172 2751 1197 2801 2.
1228 2753 1295 2810 llup.

171 2819 237 2864 coni.
255 2815 403 2863 Dolabellae
420 2823 492 2876 atque
510 2831 565 2862 curn
582 2818 663 2872 biatu,
694 2820 777 2876 quales
793 2820 872 2876 utique
891 2821 952 2874 apud
976 2820 1111 2865 lureneteae
1128 2823 1294 2878 reperiretur.

171 2900 196 2934 r.
216 2889 288 2933 eund.
308 2889 337 2931 ed
357 2886 389 2942 1,
422 2884 502 2944 151.;
527 2889 569 2932 sed
598 2888 623 2931 ie
647 2901 731 2932 eorum
749 2901 848 2932 nurnero
865 2891 973 2947 eugendo
994 2900 1080 2948 megae
1106 2903 1163 2936 sane
1183 2892 1295 2938 tentione

173 2970 234 3013 opus
253 2961 290 3001 est
308 2957 403 3002 tritico.
440 2955 569 3012 Ceterum,
589 2961 614 3000 ut
632 2970 691 3010 nos,
711 2956 741 3001 F.
759 2957 790 3001 E.
810 2970 824 3000 a
845 2971 894 3002 sec.
914 2971 995 3003 sneuu.
1015 2981 1049 2993 ·-
1066 2957 1200 3004 Dolabella
1219 2966 1295 3020 atque

171 3024 290 3072 ABCDE.
309 3026 333 3080 (a
351 3039 389 3081 pr.
409 3024 454 3081 m.)
473 3025 505 3070 G.
527 3047 556 3060 -
576 3023 724 3071 Dolabellas
741 3031 828 3084 alque,
857 3030 883 3070 ai
899 3027 996 3071 solebat
1014 3029 1137 3086 scaliger,
1157 3029 1188 3074 D.
1208 3043 1223 3074 e
1240 3043 1291 3075 see.

171 3109 255 3142 rnaau.
291 3094 425 3138 Admodum
443 3096 466 3138 in
485 3095 576 3139 bisve.
603 3095 733 3140 haeserunt
750 3097 909 3151 interpretes,
934 3099 994 3140 adeo
1013 3102 1038 3142 ul
1056 3099 1143 3152 faerit,
1164 3099 1294 3157 quiinler-

171 3170 312 3221 preter-erm
329 3168 382 3224 eet,
400 3164 469 3218 „edit
487 3164 541 3208 scil.
562 3177 575 3208 e
593 3164 680 3219 patinis
697 3165 749 3209 illis
767 3165 896 3221 pretiosis,
915 3166 1029 3220 operibus
1047 3167 1192 3212 Mentoris.”
1217 3167 1293 3214 lisele

172 3232 205 3279 G.
223 3233 254 3278 E.
273 3232 410 3277 Weberus:
436 3231 595 3291 „Corinnget
619 3231 681 3277 Inde
697 3231 832 3278 Dolabella
849 3239 896 3279 eet.
916 3236 1061 3296 sacrilegas
1076 3237 1152 3294 eet;”
1170 3240 1196 3281 nl
1209 3236 1295 3282 sarrs*-

169 3302 246 3365 dsgese
263 3316 311 3346 noa
331 3301 528 3360 quemadmodum
546 3303 617 3361 vulgo
640 3302 776 3359 arripiunt,
801 3309 839 3348 est
857 3317 902 3359 pro
923 3304 1024 3350 exstitit
1042 3300 1292 3362 interpretenlee,·e'd

170 3384 245 3417 neem
273 3373 378 3417 Verrem
408 3369 538 3415 referatur.
572 3367 629 3417 106.
658 3369 785 3430 referebat
814 3373 844 3418 ll.
893 3370 952 3418 109.
979 3372 1112 3434 eripietur]
1130 3374 1292 3427 taenaro.

169 3440 308 3490 Arbelatre.
327 3462 362 3478 ι-
378 3439 503 3498 eripiatur
520 3441 610 3500 Vulgo.
649 3439 709 3488 111.
730 3440 789 3487 112.
809 3448 934 3499 utrumque
952 3456 1047 3489 aereum
1064 3457 1110 3500 pro
1121 3444 1220 3501 sperio,
1237 3444 1293 3490 sine

170 3524 272 3567 caussa,
304 3511 404 3566 opinor,
436 3509 570 3554 habueruut
585 3511 673 3555 Mauso
690 3516 714 3556 et
732 3512 795 3567 llap.
816 3512 1005 3557 condonandum
1023 3518 1076 3559 erat
1092 3514 1181 3571 eliquid
1199 3513 1293 3560 rbstorl

168 3578 367 3640 amplificationes
377 3580 490 3635 captanti.
527 3580 662 3625 Defendunt
675 3581 719 3625 bas
731 3594 809 3626 tersa.
824 3583 897 3626 etiam
906 3581 979 3626 Web.
997 3586 1022 3627 et
1031 3583 1118 3641 Piueg.
1128 3582 1196 3627 Dies.
1207 3595 1232 3640 p.
1248 3580 1290 3629 18.

172 3650 319 3696 coniicisns:
339 3647 437 3694 Horres
455 3654 539 3693 tamen
556 3655 631 3704 sanl;
649 3652 711 3706 qaod
729 3651 832 3705 probare
848 3665 895 3695 oon
913 3664 984 3707 queo.
1020 3651 1144 3697 Sententia
1161 3652 1221 3697 lseee
1235 3656 1290 3699 est:

170 3720 237 3766 blase
255 3720 335 3775 enirn,
355 3719 412 3764 vilia
431 3731 503 3772 sane,
521 3732 583 3763 nune
596 3729 687 3763 summa
704 3719 802 3763 illorum
815 3725 870 3765 suat
883 3719 946 3763 bona
955 3751 962 3775 ,
983 3720 1038 3764 nim
1052 3733 1138 3777 reapse
1152 3734 1215 3766 uuae
1236 3726 1293 3765 sunt

170 3791 275 3834 maxima
299 3793 323 3834 et
348 3789 418 3834 unica
443 3801 534 3844 prope,
565 3802 625 3845 quae
649 3789 745 3834 irriseris
763 3790 836 3834 soriis
855 3789 943 3833 ‘relicte
961 3789 1027 3842 siat,
1057 3780 1130 3847 quum
1148 3803 1231 3836 oannes
1249 3803 1292 3834 res

169 3859 271 3904 aneioris
298 3859 368 3914 pretii
395 3859 531 3902 iamdudum
560 3857 703 3903 abstulerint
730 3863 825 3904 veteres
857 3859 891 3903 illi
922 3850 1100 3914 provinciarum
1124 3859 1290 3921 praedatores.

171 3928 241 3985 Quod
263 3929 285 3972 si
308 3929 382 3987 igitur
405 3927 464 3972 baec
488 3940 581 3985 quoque
606 3927 636 3971 iis
660 3927 768 3982 eripies,
798 3929 921 3984 despicere
948 3927 1053 3972 fortasse
1072 3930 1163 3984 poteris
1181 3926 1291 3973 imbelles

169 3996 292 4058 Rhodios,
321 4000 364 4042 sed
383 3997 487 4041 timenda
508 3996 552 4041 tibi
578 3997 625 4041 erit
649 3997 732 4040 nltirne
752 3997 888 4051 desperatio
906 3996 1078 4041 bellicosorum
1095 3988 1290 4053 proriiseielieru.

170 4065 224 4111 Gir.
243 4064 274 4110 r..
293 4064 325 4110 G.
344 4067 487 4110 Weberusn.
526 4062 585 4111 11³.
605 4061 741 4110 Corinthon
757 4065 854 4114 DEFG.
891 4063 950 4110 114.
970 4064 1033 4125 qnid
1048 4066 1115 4111 enim
1132 4066 1247 4111 resinata
1259 4066 1290 4111 F.

171 4135 203 4180 0.
231 4147 245 4179 e
268 4147 318 4183 see.
344 4148 377 4180 nr.
401 4136 434 4179 D.
458 4136 482 4179 iu
498 4147 582 4195 marg.
601 4137 743 4180 adversante
762 4139 850 4183 metro.
901 4132 961 4181 116.
979 4134 1076 4191 mia,
1096 4136 1155 4180 caeli
1174 4135 1293 4181 mactas?

169 4203 233 4260 Rup.
285 4200 345 4249 117.
364 4204 383 4263 i,
397 4215 425 4258 e,
445 4204 522 4250 Afris.
572 4202 631 4250 120.
651 4202 753 4249 Mariae
770 4202 876 4249 Priscae
894 4218 920 4250 ιι.
940 4218 963 4250 o.
984 4182 1044 4271 801.
1063 4197 1078 4248 e'
1094 4196 1176 4249 Plinio
1196 4204 1290 4250 iuniore
1335 4184 1354 4267 l:

169 4274 355 4332 repetundarum
373 4278 498 4319 aecusatus
539 4272 615 4335 (Plio.
640 4273 702 4331 Epp.
722 4270 756 4330 2,
789 4273 818 4319 11
840 4279 863 4320 et
882 4271 939 4332 12.)
966 4280 1037 4334 atque
1064 4274 1138 4320 exitio
1164 4275 1291 4331 inaltatus.
