2782 4762
189 326 306 391 Troica
332 329 385 414 qui
407 329 555 413 profugis
578 352 667 394 sacra
692 333 779 394 vehis
803 333 942 409 ratibus,

126 428 189 491 laur
212 429 269 492 tibi
291 432 471 494 Laurentes
494 432 633 516 assignat
656 434 803 515 luppiter
827 457 942 520 agros;

81 568 92 583 ι
185 532 254 594 Iam
277 544 373 595 vocat
395 545 536 597 errantes
558 533 684 615 hospita
707 546 794 599 terra
816 539 932 600 Lares.

122 631 196 694 lllie
217 644 344 695 sanctus
368 635 448 711 eris,
474 657 570 719 quom
594 648 625 697 te
650 641 828 701 veneranda
851 640 976 702 Numici

186 736 278 797 Unda
302 737 393 797 deum
418 737 506 799 caelo
531 736 650 798 miserit
673 738 864 822 Indigetem.

123 836 209 898 Ecce
232 858 328 918 super
349 838 449 901 fessas
472 838 586 901 volitat
607 839 756 903 Victoria
780 848 922 923 puppes!

186 939 327 1000 'l'andem
351 942 390 1001 ad
413 939 575 1003 Troianos
598 939 671 1002 diva
694 946 831 1022 superba
856 945 955 1008 venit.

122 1041 211 1103 Ecce
234 1040 307 1102 mihi
329 1042 435 1102 lucent
458 1042 585 1105 Rutulis
608 1041 753 1105 incendia
777 1044 906 1106 castris!

154 1126 250 1203 'Iam
274 1141 331 1202 tibi
353 1143 525 1223 praedico,
550 1145 686 1206 barbare
710 1148 841 1221 'l'uruc,
866 1167 985 1209 necem.

121 1243 206 1305 Ante
229 1243 341 1307 oculos
363 1245 510 1306 Laurens
533 1256 671 1307 castrum
695 1268 866 1329 murusque
889 1249 1009 1310 Lavini
1033 1233 1079 1312 eit

184 1344 334 1427 Albaque
357 1348 397 1407 ab
420 1346 563 1410 Ascanio
586 1346 712 1409 condita
735 1350 854 1431 Longa
879 1351 969 1411 duce.
1197 1359 1237 1418 to

121 1448 171 1508 Te
195 1466 324 1529 quoque
347 1446 407 1507 iam
431 1447 544 1522 video,
570 1448 670 1510 Marti
692 1448 847 1529 placitura
868 1455 1044 1528 sacerdos,

183 1547 261 1622 llia,
288 1549 438 1610 Vestales
461 1548 638 1611 deseruisse
661 1550 774 1625 locos,

121 1648 385 1733 concubitusque
407 1662 482 1713 tuos
504 1650 613 1712 furtim
637 1650 795 1735 vittasque
816 1653 952 1716 iacentes

184 1751 228 1812 Et
249 1750 356 1830 cupidi
380 1754 420 1813 ad
441 1751 526 1833 ripas
550 1773 636 1813 arma
659 1752 767 1814 relicta
791 1753 853 1816 dei.

120 1850 253 1933 Carpite
277 1874 377 1927 nunc,
402 1855 507 1929 tauri,
534 1856 572 1914 de
594 1866 713 1934 septem
737 1854 897 1917 montibus
919 1857 1054 1935 herbas,

182 1954 267 2035 Duru
290 1954 381 2029 licet;
407 1955 458 2016 hic
482 1975 615 2037 magnae
638 1954 698 2016 iarn
720 1956 810 2018 locus
834 1958 920 2019 urbis
943 1958 1015 2021 erit.

120 2058 244 2131 Roma,
270 2067 357 2117 trium
380 2077 496 2118 nomen
518 2057 616 2118 terris
638 2057 735 2119 fatale
757 2058 926 2141 regendis,

182 2158 252 2236 Qua
276 2178 332 2218 sua
356 2161 394 2219 de
417 2158 506 2221 caelo
529 2158 685 2239 prospicit
706 2180 784 2221 arva
807 2158 927 2234 Ceres,

118 2258 252 2340 Quaque
276 2270 384 2338 patent
406 2270 496 2322 ortus
519 2270 550 2320 ct
573 2281 634 2340 qua
656 2259 852 2322 fluitantibus
876 2262 966 2323 trudis

182 2359 264 2422 Solis
289 2361 469 2422 anhelantes
493 2359 592 2421 abluit
614 2361 711 2422 amnis
736 2383 848 2444 equos.

118 2461 217 2523 Troia
241 2459 367 2543 quidem
390 2473 465 2522 tunc
486 2482 519 2523 se
541 2460 708 2523 mirabitur
731 2475 762 2526 et
783 2462 843 2523 sihi
865 2463 948 2526 dicet

183 2562 256 2625 Vos
278 2565 358 2624 bene
381 2574 444 2624 tam
467 2562 565 2646 longa
588 2563 785 2625 consuluisse
808 2565 872 2626 via.

118 2667 208 2727 Vera
230 2684 331 2738 cano,
355 2664 400 2727 sic
423 2685 524 2747 usque
547 2685 653 2725 sacras
675 2662 804 2726 innoxia
827 2665 935 2728 laurus

180 2767 305 2828 Vescar
328 2778 359 2826 et
381 2777 539 2827 aeternum
563 2764 604 2827 sit
626 2765 702 2827 mihi
723 2764 942 2847 virginitasl’'

120 2869 211 2929 Haec
234 2862 348 2929 cecinit
370 2876 458 2929 vates
482 2877 513 2928 ct
535 2878 566 2928 te
588 2865 666 2944 sibi,
691 2869 848 2942 Phoebe,
875 2870 1018 2946 vocavit,
1193 2878 1232 2939 65

117 3049 196 3093 libros
215 3047 330 3092 attulisse
349 3047 383 3090 ud
401 3048 567 3107 Tarquinium
588 3047 704 3093 Priscum
722 3066 755 3082 -
774 3070 808 3084 -
825 3055 937 3093 oetaeum
957 3048 1186 3109 Hellesponticum,
1207 3058 1233 3099 in

116 3131 182 3177 egro
201 3116 312 3162 Troiuno
339 3123 424 3160 natum
447 3119 500 3162 eico
517 3115 676 3171 Mermesso,
707 3118 777 3161 circo
802 3117 921 3174 oppidum
942 3117 1095 3180 Gargilium.
1119 3144 1146 3158 -
1167 3123 1233 3167 daei·

114 3201 182 3230 mum
213 3185 355 3239 Tiburtem,
388 3188 486 3230 nornine
513 3185 666 3240 Albuneum,
710 3202 772 3245 quoe
797 3185 888 3231 Tiburi
913 3189 1011 3232 coletur
1039 3196 1067 3234 ul
1084 3190 1132 3236 deu
1159 3194 1233 3237 inxtu

115 3257 187 3312 ripas
205 3255 288 3298 utnnis
305 3253 428 3307 Anienis,
455 3255 527 3299 cuius
546 3255 573 3298 in
591 3257 694 3315 gurgite
709 3257 875 3299 simulacrum
896 3257 951 3300 eius
971 3259 1095 3303 inventum
1118 3274 1173 3304 esse
1194 3261 1232 3305 di-

114 3326 181 3369 eitur
198 3331 285 3368 tenens
304 3325 331 3366 in
349 3337 424 3367 manu
445 3324 556 3383 librum,
585 3326 658 3368 cuiue
677 3331 758 3369 sortes
776 3324 883 3368 Senatus
906 3327 934 3368 in
952 3323 1102 3383 Capitolium
1122 3335 1233 3374 trenetu-

114 3394 189 3437 lerit:
219 3393 272 3436 Cir.
296 3394 366 3437 etiam
385 3394 536 3437 Marcianum
555 3393 677 3448 Capellam
700 3394 754 3437 Lib.
776 3390 800 3440 2.
827 3407 850 3448 p.
870 3391 911 3438 61.
950 3396 1104 3452 Walthard.;
1126 3399 1165 3440 ubi
1185 3402 1233 3443 alia

115 3465 249 3506 traduntur.
269 3463 339 3505 scih:
359 3460 458 3519 Sibylla
476 3463 514 3505 sel
530 3460 691 3520 Erythraeo,
711 3475 820 3520 quaeque
840 3462 950 3506 Corrrueu
967 3469 1022 3518 est,
1042 3466 1080 3508 nel
1096 3463 1231 3524 Phrygio?

115 3544 178 3590 quus
197 3529 366 3583 manderem,
395 3536 419 3574 ut
437 3537 573 3584 usserunt,
599 3530 646 3574 sed
662 3530 725 3574 draus
737 3528 826 3588 suites
845 3544 895 3574 non
912 3533 1011 3585 nescis,
1031 3533 1058 3577 id
1076 3539 1130 3586 eat,
1153 3533 1232 3579 Hero-

112 3598 201 3656 philen
231 3597 384 3651 Troianum,
416 3597 558 3642 illurmensi
586 3597 643 3656 (sic)
666 3597 767 3660 filium,
799 3605 823 3642 et
852 3599 1040 3658 Synrtnucirium
1059 3599 1230 3660 Hyppotensis

109 3667 206 3731 filium,
220 3681 282 3726 quoe
294 3666 439 3726 Erythraeo
448 3669 600 3727 progenito,
621 3668 697 3711 elium
709 3665 792 3712 Cumis
802 3673 841 3712 eet
852 3670 998 3713 suricinum.
1012 3671 1041 3713 ll.
1059 3671 1076 3713 1.
1091 3672 1230 3725 Herophilo,

116 3738 232 3793 Apollinis
254 3735 369 3780 Sminthei
392 3739 520 3790 sacerdos,
539 3738 568 3779 ab
587 3737 711 3780 Amalthea
732 3738 894 3795 distinguitur.
938 3738 988 3781 Pro
1006 3736 1159 3783 Mermessiu
1178 3742 1231 3784 Sal-

115 3808 185 3851 masii
213 3807 277 3849 coni.
310 3805 365 3848 libri
394 3806 482 3849 habeut
504 3804 645 3862 Marpesia.
672 3807 716 3850 cfr.
742 3807 816 3849 Paos·
838 3803 885 3865 10,
912 3804 953 3851 12.
975 3808 1014 3851 ubi
1033 3808 1083 3862 ipsa
1105 3810 1229 3864 loquitur:

114 3873 219 3943 πατρὶς
235 3871 267 3922 δέ
284 3870 339 3937 μοι
356 3869 436 3922 ἐστιν
454 3869 563 3942 ἐρυθρή
576 3870 763 3944 Μάρπησσος
781 3899 813 3908 -
831 3877 891 3919 uude
907 3875 1011 3920 fortasse
1027 3878 1171 3921 eortiuuctim
1182 3881 1229 3937 leg.

113 3943 234 4002 quidquid
250 3941 397 4000 lllorpesaiu
414 3942 483 3986 dixit
499 3940 642 4001 Herophile.
693 3943 734 3997 (nt
757 3944 817 3996 iia,¹
836 3949 861 3987 ut
883 3944 991 3988 volebam
1018 3945 1041 3988 iu
1067 3945 1112 3989 Ed.
1133 3949 1229 4002 prima,

115 4014 211 4067 scripsit
226 4013 341 4066 Lachur.;
362 4013 422 4055 unde
440 4026 500 4055 nuuc
522 4013 623 4067 recepi.)
660 4015 683 4057 Si
704 4026 761 4055 vcro
780 4026 833 4054 cum
852 4014 940 4056 Vossio
961 4026 1004 4067 pro
1023 4011 1118 4058 Phoebo
1137 4017 1228 4060 scribas

112 4081 207 4134 Demo,
228 4086 268 4124 aut
287 4083 348 4138 qnod
364 4081 512 4136 probabilius
531 4086 595 4125 certe
618 4086 682 4136 erat,
704 4095 756 4124 curu
777 4081 897 4123 Huschkio
916 4079 997 4140 Phyto
1015 4083 1115 4138 (Sibylla
1129 4080 1227 4138 Samia),

114 4156 163 4194 tom
182 4151 277 4206 quidem
296 4156 419 4209 grataque
437 4164 484 4194 nou
499 4149 609 4204 habebit,
631 4165 676 4208 quo
690 4151 824 4205 referatur;
845 4163 898 4192 uam
918 4156 941 4194 et
957 4152 1106 4208 npndOritl.
1128 4155 1228 4199 lllelsm.

116 4217 162 4274 ll,
184 4213 242 4263 123.
281 4220 372 4274 Sibylla
390 4218 430 4264 die
446 4218 598 4279 gratissima,
619 4234 666 4265 uon
685 4220 824 4275 simpliciter
843 4224 920 4278 grute
940 4221 1035 4266 dicitur.
