2782 4762
1258 169 1276 231 3

153 322 351 408 reliquarum
388 343 426 386 ac
461 320 649 405 praesertim
678 321 939 406 Glasguensisffl)
967 323 1071 408 copiis
1100 328 1276 390 observare

155 425 299 503 licuerit,
335 424 448 508 paucis
482 446 655 507 exponam.
727 424 930 490 Brixiensem
960 449 977 490 e
1009 427 1152 492 melioris
1180 440 1276 493 notae

155 528 268 593 codice
287 532 413 592 ductam
433 550 502 593 esse
523 539 723 611 compertum
747 530 869 606 habeo,
892 551 993 616 eaque
1009 554 1106 617 quum
1123 531 1276 596 caruisset

154 633 392 709 Wakefieldus,
422 631 625 708 factumest,
654 644 689 695 ut
710 631 812 695 minus
835 644 957 696 certum
980 636 1019 696 de
1043 646 1185 699 veterum
1208 635 1275 699 edi·

152 734 275 799 tionum
306 734 500 800 lectionibus
531 758 625 818 saepe
654 733 806 799 iudicium
839 735 953 801 ferret.
999 738 1053 800 Ex
1082 736 1146 802 alio
1170 751 1273 802 autom

152 838 239 902 libro
257 838 427 920 vitiosiore
438 838 533 902 fluxit
543 839 759 914 Veronensis,
775 839 916 903 fideliter
931 838 1066 922 repetita
1082 839 1115 903 in
1130 843 1272 918 Veneta,

152 941 320 1005 erroribus
346 942 475 1007 nonnisi
497 964 668 1025 operarum
691 953 724 1005 et
747 941 947 1024 paucissimis
968 941 1273 1025 interpolationibus

152 1044 354 1121 correctori,
399 1057 433 1108 nt
460 1045 595 1128 opinor,
640 1045 798 1121 subnatis,
842 1049 898 1109 sed
927 1045 1116 1131 plerumque
1144 1046 1271 1128 pravis,

100 1205 116 1220 ,
151 1147 351 1229 discrepante
368 1150 408 1212 ab
422 1147 490 1212 illa.
535 1149 767 1228 veneranter)
791 1147 921 1224 deinde,
945 1170 1010 1213 non
1027 1152 1270 1224 Veronenscm,

149 1262 185 1313 ut
204 1262 293 1314 ratus
315 1264 362 1316 est
381 1252 617 1327 Wakefieldus,
641 1250 821 1317 emendavit
845 1251 1066 1333 Hieronymus
1087 1252 1270 1328 Avancins,

149 1354 206 1439 qui
237 1353 315 1418 scite
346 1354 527 1430 interdum,
562 1353 760 1439 frequentius
789 1366 910 1430 tamen,
950 1367 984 1417 ut
1009 1355 1165 1419 Italorum
1195 1366 1271 1418 tune

147 1455 304 1539 temporis
319 1479 389 1521 mos
405 1469 491 1534 erat,
515 1456 716 1520 audacissimi
735 1455 994 1539 interpolatoris,
1019 1480 1112 1543 quam
1132 1457 1270 1520 eircum-

147 1559 251 1641 speeti
279 1558 385 1623 critici
410 1571 519 1642 partes
547 1582 643 1644 agere
670 1558 792 1623 maluit.
837 1561 1017 1625 Profitetur
1039 1559 1093 1624 ille
1121 1559 1267 1646 quidem,

147 1661 341 1747 nescioquo
364 1661 506 1747 gloriola
525 1665 655 1739 duetus,
684 1685 717 1725 se
740 1661 887 1725 Lucretii
909 1666 1025 1744 poe‘ma
1045 1662 1113 1726 sine
1135 1664 1279 1751 antiquo

146 1763 325 1847 exemplari
353 1768 551 1842 emendasse,
589 1769 644 1829 sed
671 1769 804 1829 eundem
835 1777 1050 1830 veteratorem
1080 1768 1142 1831 hae
1167 1766 1200 1830 in
1232 1789 1267 1830 re

146 1867 359 1951 deprehendi,
382 1869 501 1954 quippe
523 1869 579 1954 qui
601 1891 712 1932 versus
743 1867 869 1952 aliquot
902 1867 1029 1931 minime
1058 1869 1266 1946 subditicios,

145 1971 291 2057 quamvis
306 1994 324 2034 a
337 1971 620 2054 praecedentibus,
644 1970 671 2033 si
685 1972 764 2034 fides
781 1973 947 2046 Gerardo‚
968 1970 1116 2035 omnibus
1128 1971 1266 2038 omissos

144 2075 203 2156 (2,
227 2068 502 2151 1139.'3,866.
544 2076 581 2151 5,
607 2076 717 2154 1011.)
750 2072 814 2136 suis
835 2075 919 2138 loeis
940 2072 1124 2141 inseruerit.
1170 2079 1265 2140 Hanc

142 2164 247 2241 autern
266 2177 417 2242 Aldinam
437 2175 583 2259 priorem
607 2176 789 2240 examinare
813 2199 909 2262 quum
932 2177 1126 2262 neglexisset
1144 2180 1265 2244 Walte-

143 2281 271 2357 fieldus,
310 2302 379 2344 eum
409 2278 442 2343 in
465 2301 611 2344 errorem
639 2278 768 2356 incidit,
807 2291 841 2342 ut
866 2302 947 2365 quae
970 2280 1114 2345 Avancii
1141 2296 1262 2361 essent,

142 2396 257 2447 cuncta
282 2383 346 2448 Pio
375 2405 546 2466 perperam
570 2382 739 2447 tribueret.
796 2381 875 2447 Pius
909 2383 991 2447 enirn
1023 2384 1186 2450 rarissime
1221 2389 1260 2449 ab

85 2547 88 2551 ,
141 2486 293 2552 Avaneio
311 2486 456 2550 discessit
473 2487 531 2566 (1,
550 2487 623 2550 123.
648 2488 685 2563 2,
702 2487 792 2567 591.)
807 2489 893 2550 bona
909 2499 1003 2574 atque
1017 2487 1125 2571 inepta
1139 2489 1262 2572 pariter

140 2590 340 2675 subripiens3
369 2589 477 2673 prisea
500 2611 580 2654 vero
604 2589 816 2672 exemplaria,
840 2613 922 2676 quae
946 2590 1119 2656 identidem
1139 2593 1262 2668 laudat,

139 2694 256 2776 passim
290 2691 550 2776 interpolationis
585 2705 730 2775 suspecta
767 2704 863 2768 sunt,
901 2692 1036 2757 Marulli
1072 2694 1260 2777 praesertim

140 2801 258 2862 codex.
327 2786 331 2790 ⁵

204 2900 243 2963 In
266 2899 432 2965 Catulli·
451 2898 671 2982 Epithalamio
695 2898 787 2963 Pelei
815 2922 852 2960 ac
881 2898 1119 2981 Thetidisstt'tt)
1147 2924 1259 2965 recen-

138 3005 238 3067 sendo
249 3025 323 3066 usus
335 3025 403 3065 sum
414 3003 533 3066 Aldina
545 3012 690 3085 utraque,
707 2998 854 3065 Parisiua
868 3024 897 3062 e.
912 3023 945 3063 n.
960 3004 1044 3066 Var.
1058 3003 1132 3066 anni
1145 3006 1238 3067 1001.
1250 3050 1272 3079 ,,

205 3211 474 3273 (*)Glasguae1813.
505 3211 530 3258 1.
558 3215 616 3258 Vol.
631 3212 655 3258 8.
698 3215 786 3272 Magna
811 3216 854 3258 dos
872 3215 942 3258 bnins
961 3216 1072 3258 editionis
1097 3221 1134 3260 cst
1161 3218 1257 3260 collatio

137 3287 184 3330 Ed.
203 3277 336 3328 Bririensis
356 3298 376 3327 s.
397 3298 420 3328 a.
443 3281 548 3339 (1172.)
573 3285 722 3328 Veronensis
742 3281 818 3329 1186.
845 3287 950 3329 Venetae
971 3282 1047 3329 1195.
1079 3288 1177 3330 Avancii
1196 3290 1257 3342 apud

137 3357 224 3399 Aldurn
245 3351 319 3401 1500.
341 3368 394 3398 curn
411 3355 539 3410 Bipontina
558 3351 650 3408 1782„
677 3368 736 3411 quac
756 3355 883 3408 Creechii,
908 3356 930 3398 id
950 3360 1000 3407 est,
1021 3355 1130 3399 Lambini
1150 3357 1257 3399 ultimum

136 3426 304 3471 recensionem
321 3426 443 3482 sequitur,
463 3438 477 3467 a
495 3425 583 3468 loanue
602 3425 712 3468 Gerardo
731 3425 912 3469 accuratissime
931 3424 1049 3469 confecta.

189 3491 239 3554 (aa)
259 3495 311 3539 cfr.
332 3496 358 3549 1,
381 3491 441 3538 112.
461 3491 551 3555 efferre
569 3496 628 3539 Ver.
646 3490 763 3553 perferre
781 3497 844 3540 Van.
864 3495 909 3549 Ar¹⁴
925 3491 954 3549 3,
977 3491 1052 3539 1018.
1073 3493 1176 3557 infimus
1195 3498 1253 3539 ver.

135 3565 265 3623 improbus
283 3567 344 3611 Ver.
363 3563 409 3608 Av.

188 3632 251 3694 (W)
269 3635 391 3679 Festirarn
409 3635 550 3693 allegoriam
569 3635 670 3679 convivii
689 3635 755 3678 illius
770 3634 881 3688 nuptialis
894 3632 968 3677 trabes
985 3634 1008 3677 ln
1022 3633 1253 3690 Clementinis,
1337 3652 1346 3667 ·

134 3703 288 3759 Romilius,
311 3703 351 3749 11.
385 3726 414 3736 -
447 3699 480 3754 τὸ
499 3700 530 3752 δὲ
548 3698 718 3768 συμπόσιον
736 3699 771 3753 τὸ
791 3697 952 3768 γαμήλιον,
984 3695 1060 3752 ἔνθα
1082 3701 1118 3753 τὸ
1137 3702 1254 3755 δεῖπνον

134 3771 225 3824 ἐτέλει
242 3769 316 3836 Ζεὺς
341 3766 416 3844 ὑπέρ
443 3788 475 3823 τε
493 3769 545 3836 τῆς
561 3772 706 3842 Νηρεΐδος
723 3770 845 3833 Θέτιδος
861 3772 912 3821 καὶ
931 3771 987 3823 τοῦ
1004 3770 1098 3822 καλοῦ
1115 3771 1251 3841 Πηλέως,

134 3837 315 3916 ἀλληγορίαν
332 3837 397 3906 ἔχει
414 3840 541 3908 ταύτην
573 3869 607 3878 —-
637 3841 672 3893 τὸ
690 3841 745 3907 μὲν
762 3840 799 3908 δὴ
820 3841 1007 3906 συμπόσιον,
1032 3835 1198 3907 ὁκόσμος·
1224 3850 1256 3898 οἱ

132 3910 165 3963 δὲ
184 3911 312 3975 δώδεκα,
339 3908 467 3984 οὐράνια
484 3910 543 3962 τῶν
559 3911 674 3981 μοιρῶν
691 3913 962 3983 περιστηρὶγματα,
987 3905 1074 3960 ἅτινα
1091 3911 1180 3975 ntem
1198 3933 1253 3968 κα-

130 3981 253 4035 λοῦσιν·
266 3980 459 4055 Προμηθεύς,
474 3976 493 4049 ἦ
506 3981 688 4050 προμήθεια,
701 3979 753 4045 ὑφ’
766 3973 803 4049 ἧς
813 3979 850 4033 τὰ
863 3978 960 4030 πάντα
969 3978 1105 4046 ἐγένετο·
1124 3982 1250 4051 Πηλεύς,

131 4047 257 4120 ὁπηλὸς
269 4050 286 4106 ὁ
299 4050 358 4104 ἀπὸ
380 4052 434 4119 γῆς
460 4055 502 4116 εἰς
520 4049 678 4122 streperos
697 4053 812 4120 γένεσιν
829 4049 1015 4120 περιιοηθεὶς
1032 4053 1083 4102 καὶ
1100 4056 1197 4119 μιγεὶς
1214 4057 1250 4124 τῆ

129 4123 265 4195 Νηρεΐὸι,
295 4125 449 4176 τουτέστιν
474 4118 574 4175 ὕδατι·
605 4139 639 4173 εκ
663 4121 694 4173 δὲ
717 4138 772 4188 της
788 4137 849 4172 των
866 4121 921 4169 δυο
938 4115 1061 4186 μίξεως,
1091 4118 1202 4188 ὕδατός
1219 4111 1251 4177 a‘e

130 4195 182 4244 καὶ
200 4191 268 4260 γῆς,
296 4188 465 4265 ὁτιρῶτος,
492 4189 529 4244 οὐ
548 4191 714 4258 γεννηθείς,
743 4187 817 4242 ἀλλὰ
836 4187 976 4254 ιιλασῖιεὶς
992 4190 1117 4255 τέλειος,
1145 4192 1194 4245 διὰ
1214 4194 1248 4247 τὸ
1317 4233 1320 4238 »

129 4266 235 4328 μαζοῖς
251 4264 333 4329 χείλη
351 4260 394 4332 μὴ
413 4267 616 4335 προςενεγκεϊι
632 4259 772 4325 Ἀχιλλεὺς
789 4259 1013 4334 τροςηγορεύθη
1032 4277 1058 4311 κ.
1077 4276 1102 4312 τ.
1121 4261 1146 4312 λ.
