2782 4762
86 326 250 415 Sanguine
274 324 365 394 civiti
386 347 455 392 rem
475 322 618 392 conflant
640 321 834 409 divitiasque
878 336 881 356 ¹

13 462 25 475 Ν·
87 431 328 516 Conduplicant
345 427 471 507 aridei,
495 430 624 495 caedem
643 430 740 493 caede
759 422 1013 490 accumulantes:

86 534 245 601 Crudeles
267 536 405 619 gaudent
424 532 457 596 in
478 529 565 596 tristi
584 531 697 596 sunere
716 526 829 594 fratris

85 637 132 703 Et
151 635 421 721 consanguineum
445 655 568 699 mensas
591 637 690 699 odere
713 632 903 718 timentque.

152 737 324 805 Consimili
344 736 471 803 ratione
489 740 529 800 ab
551 739 665 801 eodem
685 757 780 819 saepe
800 734 919 799 timore

85 843 237 909 Macerat
254 839 397 905 invidia:
420 850 493 904 ante
514 839 628 905 oculos
650 837 750 903 olium
771 859 841 901 esse
860 844 1040 919 potentem,

87 945 196 1010 Ollum
217 942 416 1027 adspectari,
440 941 530 1007 claro
553 939 611 1027 qui
629 939 749 1004 incedit
771 941 918 1015 honore3

86 1045 172 1130 lpsei
190 1068 223 1111 se
248 1044 444 1110 intenebris
466 1042 558 1109 volvi
581 1064 749 1128 coenoque
770 1052 961 1127 queruntur.

86 1150 255 1213 Intereuut
276 1146 395 1230 partim
415 1157 589 1213 statuarum
609 1157 641 1210 et
663 1143 802 1210 nominis
823 1165 923 1229 ergo;

85 1253 132 1316 Et
149 1271 243 1333 saepe
266 1271 366 1335 usque
390 1251 470 1314 adeo
494 1246 609 1314 mortis
626 1245 800 1313 formidine
821 1245 907 1310 vitae

86 1351 238 1435 Percipit
255 1354 411 1417 humanos
430 1350 538 1417 odium
557 1349 701 1436 lucisque
723 1347 897 1426 videndae,

87 1458 134 1521 Ut
153 1452 215 1518 sibi
235 1450 438 1519 consciscaiat
455 1452 609 1525 maerenti
625 1463 761 1535 pectore
784 1452 898 1529 letum;

89 1555 216 1624 Oblitei
234 1556 358 1621 fontem
380 1577 529 1621 curarum
550 1557 636 1620 bunc
656 1577 726 1619 esse
745 1553 914 1632 timorem,

87 1663 187 1728 Hunc
209 1680 328 1724 vexare
349 1661 528 1742 pudorem3
550 1659 636 1722 hunc
655 1656 783 1723 vincula
803 1657 956 1724 amicitiai

88 1765 272 1846 Rumpere3
295 1771 326 1825 et
347 1760 380 1825 iu
399 1782 520 1825 summa
540 1759 692 1844 pietatem
714 1771 865 1826 avortere
882 1763 1006 1826 suadet.

88 1867 175 1929 Nam
195 1864 259 1928 iam
280 1886 375 1948 saepe
396 1861 543 1947 homines
564 1862 700 1947 patriam
724 1880 882 1948 carosque
904 1873 1053 1947 parentes

89 1967 311 2033 Prodiderunt
332 1966 436 2031 vitare
459 1965 641 2030 Acherusia
661 1965 780 2049 templa
801 1976 958 2049 petentes.

89 2072 174 2134 Nam
196 2069 295 2135 veluti
313 2067 425 2154 puerei
445 2068 606 2152 trepidant
624 2079 721 2155 atque
743 2067 852 2134 omnia
872 2064 975 2133 caecis

90 2174 130 2238 ln
149 2171 292 2237 tenebris
313 2182 470 2249 metuunt,
493 2170 541 2236 sic
560 2193 621 2237 uos
640 2170 675 2235 in
694 2171 766 2236 luce
784 2170 930 2236 timemus

91 2275 257 2342 Interdum
280 2273 383 2340 nihilo
405 2295 488 2360 quae
507 2284 580 2340 suut
600 2277 767 2338 metuenda
785 2273 888 2359 magis
910 2295 1005 2360 quam

88 2378 181 2460 Quae
198 2375 311 2461 puerei
329 2375 363 2440 in
384 2374 526 2443 tenebris
545 2374 691 2459 pavitant
708 2377 897 2462 finguntque
920 2376 1042 2441 sutura.

88 2481 188 2544 Hunc
206 2478 310 2564 igitur
330 2477 491 2547 terrorem
513 2477 609 2542 animi
629 2480 841 2564 tenebrasque
862 2489 1021 2544 necessest
1088 2513 1094 2543 2

89 2585 168 2652 Non
185 2580 287 2650 radici
305 2582 384 2647 solis
403 2602 507 2667 neque
524 2579 632 2644 lucida
648 2579 713 2646 tela
735 2578 799 2647 diei

47 2756 51 2761 ,
89 2684 290 2764 Discutiunt,
312 2687 369 2750 sed
390 2694 522 2749 murae
544 2681 668 2767 species
691 2683 853 2771 ratioque.

422 2874 502 2936 Lan.
519 2870 588 2936 ΙΙΙ.
613 2892 646 2937 v.
661 2872 879 2960 ann÷1tot.

153 2993 212 3058 Nil
233 2991 337 3079 igitur
357 3013 447 3059 mors
464 3005 528 3070 est,
549 2995 591 3056 ad
609 3014 670 3058 uos
690 3015 794 3080 neque
815 2993 955 3078 pertinet
973 2995 1089 3074 hilum,

89 3094 360 3184 Quandoquidem
381 3107 494 3160 natura
515 3095 611 3160 animi
632 3095 780 3162 mortalis
799 3098 949 3165 babetur.

89 3203 136 3266 Et
155 3199 244 3265 velut
266 3210 337 3265 ante
360 3209 433 3264 acto
457 3198 502 3264 nil
521 3209 669 3282 tempore
691 3200 844 3264 sensimus
865 3200 973 3285 aegri,

91 3375 128 3391 -
145 3367 257 3399 remotae
268 3356 332 3399 Van.
351 3353 594 3409 (reruotceE.Brix.
613 3360 707 3399 remote
725 3353 755 3399 C.
772 3359 797 3400 et
813 3354 947 3401 aliissodd.
964 3352 1003 3410 5.)
1023 3377 1052 3392 ι-
1072 3358 1212 3408 racaaseL,

94 3423 137 3472 71.
157 3424 230 3469 caedi
242 3423 311 3468 L.H.
349 3420 392 3469 74.
412 3424 488 3468 Abest
498 3439 512 3468 a
525 3426 586 3471 Cod.
599 3421 636 3472 Π.
650 3437 778 3480 perperam
791 3424 909 3479 probante
924 3425 997 3468 wau.
1036 3423 1078 3471 76.
1095 3428 1213 3486 claroque

90 3494 210 3544 incedere
223 3491 317 3538 honore
333 3492 436 3538 Creecb.
456 3494 486 3542 ii.
505 3496 575 3540 tectio
594 3494 688 3538 hibrida
710 3498 779 3540 enata
800 3506 829 3538 ex
846 3493 957 3537 Lambini
972 3497 1113 3540 commentis
1129 3498 1212 3540 claro·

93 3579 141 3626 qus
167 3561 279 3608 incendit
301 3560 395 3607 bonore
419 3562 466 3607 Ed.
490 3560 513 3609 1.
537 3566 683 3623 clarumque
709 3562 825 3608 incedere
847 3560 955 3618 bonore,
983 3563 1029 3607 Ea.
1045 3563 1069 3612 2.
1089 3570 1115 3608 ut
1134 3570 1213 3609 actum

93 3647 168 3694 agens
184 3633 272 3678 iterum
289 3632 424 3677 einandavit
442 3632 613 3678 Creechianam
628 3635 684 3695 lect.
703 3633 793 3680 Martii·
807 3632 886 3687 Epist.
900 3633 956 3677 crit.
970 3647 1025 3696 pag.
1039 3630 1083 3677 81.
1103 3634 1213 3679 scribens

93 3707 249 3762 clnromqus.
287 3697 330 3747 80.
349 3699 475 3746 humanos
494 3703 562 3758 (item
586 3703 650 3749 iufra
672 3716 696 3746 v.
716 3699 805 3760 842).
828 3707 854 3746 nt
877 3705 961 3757 poetae
982 3703 1156 3760 Fraueogatlici
1174 3703 1213 3748 les

92 3772 214 3820 numnius
238 3776 262 3816 et
285 3772 349 3816 iuter
371 3772 521 3816 recentiores
546 3773 619 3816 Italos
637 3772 755 3818 Foseolus
772 3770 812 3832 gli
829 3772 924 3816 umcni.
962 3770 1061 3816 Certum
1079 3774 1215 3828 exemplum

96 3849 133 3890 est
151 3844 212 3899 apud
230 3842 347 3885 Iustinum
363 3837 411 3896 42,
432 3837 457 3885 3.
482 3843 631 3900 primusque
659 3838 825 3887 bainariorum
850 3846 911 3899 post
934 3838 1078 3888 Herculem.
1120 3843 1214 3887 Dubius

92 3916 163 3960 locus
178 3920 217 3958 est
231 3911 309 3956 Taciti
321 3910 385 3956 Anu.
401 3908 431 3956 16
440 3941 447 3963 ‚
463 3907 505 3957 25.
526 3911 626 3958 audiret
644 3915 748 3958 sanutus
765 3922 836 3956 noces
850 3910 925 3968 quasi
942 3923 976 3953 ex
993 3911 1078 3969 aliquo
1094 3913 1212 3967 nurnine,

92 3995 174 4042 supro
191 3979 315 4025 humanos
332 3981 365 4024 al.
385 3978 528 4035 bumunus5
543 3986 567 4025 et
583 3981 607 4025 in
627 3979 751 4026 Ciceronis
768 3980 815 4035 Ep.
830 3980 859 4022 ad
876 3980 926 4022 nu.
939 3976 986 4033 16,
1003 3976 1047 4035 -21,
1060 3979 1086 4024 5.
1103 3987 1169 4026 certa
1185 3995 1215 4028 ex

92 4053 237 4110 auctoritate
256 4051 370 4106 reposui:
396 4062 502 4109 possum
513 4047 593 4110 fulli,
615 4055 641 4093 ut
656 4047 728 4094 bomo
749 4053 839 4106 prout
856 4044 991 4094 durannus.
1041 4047 1083 4095 84.
1103 4057 1215 4096 eaor-tere

82 4120 174 4189 suado
192 4120 277 4165 Laiub.
292 4121 356 4166 coni.
370 4121 401 4165 Η.
456 4117 499 4165 85.
523 4119 641 4169 Penateia
663 4120 753 4168 Mar-kl.
781 4118 862 4173 „haud
889 4117 959 4163 dubie
985 4118 1017 4163 nb
1046 4119 1124 4164 iocum
1141 4121 1213 4177 virg,

93 4193 142 4240 Ge.
157 4189 188 4248 2,
203 4187 263 4238 505.
290 4188 340 4235 Hic
355 4190 422 4248 petit
443 4189 556 4236 excidiis
580 4189 666 4238 urbem
689 4189 845 4247 iniserosque
861 4187 996 4238 Penates.”
1022 4188 1099 4234 Foeta.
1113 4189 1166 4234 Cir.
1183 4190 1213 4234 da

81 4252 180 4314 'eadem
195 4260 335 4306 contusione
351 4259 441 4307 Catulli
456 4260 538 4317 Epitb.
548 4260 602 4308 Pal.
616 4272 640 4306 r.
656 4254 714 4305 005.

137 4343 228 4398 Eciogac
243 4343 299 4387 roes.
313 4341 357 4386 Lat.
567 4372 568 4376 ,
946 4340 967 4403 3
