2782 4762
129 361 304 436 „Nondum
328 358 431 435 scitis,
457 357 524 435 ait,
542 361 676 423 mortem
699 378 763 423 nou
786 346 883 442 posse
907 356 1044 443 negari?

194 461 405 527 credideram
427 462 503 524 satis
526 463 590 526 hoc
611 483 672 524 vos
694 461 844 526 docuisse
860 461 1024 543 'patrem''

129 562 222 628 Dixit
246 575 276 626 et
300 567 447 627 ardentes
470 563 565 627 avido
587 563 671 627 bibit
693 585 750 626 ore
773 564 921 627 favillas:

193 667 211 730 I
234 688 317 730 utine
339 677 370 729 et
391 668 532 740 serrum,
556 667 649 729 turba
672 666 825 741 molesta,
850 669 951 749 regal

396 818 529 883 XLVI.
570 813 763 906 nemnem,
784 795 898 894 (na.
925 814 993 894 aa.)

130 924 269 992 Aestivo
290 947 401 991 serves
422 925 476 990 ubi
498 925 618 1008 piscem
641 937 804 1007 tempore,
828 924 979 1009 quaeris?
1075 995 1078 999 ,

193 1030 233 1094 In
255 1028 386 1094 thermis
409 1048 523 1104 serva,
549 1027 750 1105 caeciliane,
774 1028 850 1092 tuis.
912 1027 915 1030 ’

381 1180 531 1245 XLVII·
570 1177 764 1273 Et'usdeut.¹
789 1179 847 1258 (L.
871 1176 904 1242 9.
928 1178 998 1257 90.)

131 1288 345 1371 Quintiliane,
368 1310 471 1373 vagae
493 1291 680 1353 moderator
702 1310 822 1353 summe
844 1288 1011 1364 iuventae,

195 1379 316 1456 Gloria
333 1394 516 1467 Romanae,
543 1389 759 1470 Quintiliane,
783 1388 879 1475 togae
896 1413 905 1454 a

131 1494 256 1557 Vivere
278 1496 366 1578 qtiod
387 1513 531 1575 propero
555 1513 678 1574 pauper
700 1514 758 1556 nec
780 1493 898 1557 inutilis
921 1493 1026 1570 annis,

194 1598 245 1660 Da
269 1596 415 1659 veniam:
439 1606 596 1677 properat
619 1594 731 1660 vivere
752 1616 848 1660 nemo
871 1596 960 1658 satis.
986 1589 989 1594 ’

131 1699 269 1768 Differat
292 1700 376 1773 hoc,
400 1697 522 1780 patrios
547 1708 638 1779 optat
660 1697 714 1782 qui
738 1697 865 1761 vincere
888 1719 1002 1762 census

195 1800 355 1885 Atriaque
376 1799 556 1863 immodicis
578 1812 659 1862 artat
683 1800 886 1884 imaginibus.
935 1837 936 1840 =

131 1904 191 1965 Ille
212 1903 307 1965 locus
330 1913 362 1964 et
383 1901 496 1986 nigros
519 1924 582 1966 non
605 1902 802 1986 indignantia
824 1904 931 1966 fumos

197 2006 298 2066 Tecta
319 2005 428 2066 iuvant
451 2016 483 2067 et
503 2003 579 2068 lons
603 2005 694 2068 vivus
717 2018 748 2068 et
771 2007 869 2068 laerlm
892 2001 1025 2089 rudis„¹
1113 2080 1116 2084 ,

133 2104 181 2169 Sit
205 2106 278 2168 mihi
301 2126 400 2170 uerna
421 2117 530 2181 satur,
554 2105 681 2174 sitnon
704 2107 885 2170 doctissima
909 2108 1047 2192 coniux:

196 2209 244 2271 Sit
266 2229 332 2273 nox
354 2229 424 2271 cum
447 2230 585 2286 somno,
609 2209 650 2273 sit
671 2210 737 2274 sine
760 2210 815 2275 lite
837 2199 934 2290 dies}

381 2365 557 2430 XLVIII.
598 2363 778 2428 Eiusdem.
813 2365 871 2447 (L,
895 2365 927 2458 3?
952 2365 1000 2457 ll.)

133 2471 377 2559 Versiculosin
401 2495 451 2536 me
473 2485 622 2538 narratur
643 2476 785 2539 scribere
808 2475 936 2540 Cinna:

196 2579 272 2640 Non
294 2575 426 2654 scribit,
451 2578 539 2640 cuius
561 2577 702 2640 carmina
724 2598 819 2642 nemo
841 2563 934 2662 legit.

396 2733 529 2797 xum
570 2731 749 2796 Eiusdem.
788 2732 846 2812 (a.
870 2713 907 2794 i.»
927 2731 997 2813 aa.)
1027 2740 1029 2745 ·

132 2841 197 2905 Hic
219 2853 267 2905 est
288 2841 463 2925 pampineis
486 2841 596 2906 viridis
620 2845 717 2907 modo
739 2841 881 2906 Vesvius
902 2838 1044 2906 umbriae

198 2947 373 3016 Presserat,
389 2943 440 3008 hic
462 2945 606 3009 madidos
629 2944 745 3009 nobilis
767 2967 829 3008 uva
852 2945 953 3009 lacusz
986 2942 989 2950 ’

132 3047 225 3109 Haec
246 3046 320 3129 iuga
343 3066 436 3128 quiam
460 3049 567 3127 Nysae
591 3046 690 3111 col-les
712 3046 787 3130 plus
809 3048 956 3111 Bacchus
979 3044 1118 3113 amavit:⁴

196 3150 272 3210 Hoc
293 3169 395 3228 nuper
416 3148 523 3229 Satyri
545 3160 655 3213 moute
675 3151 791 3213 dedere
813 3152 947 3213 choros.
981 3146 984 3155 '

133 3253 225 3314 Haeo
248 3250 387 3323 Veneris
409 3253 518 3326 sedes,
543 3253 785 3316 Lacedaemone
809 3252 934 3335 gratior
956 3251 1020 3315 illi:

197 3353 261 3416 Hie
279 3354 373 3442 vlocus
397 3353 562 3416 Herculeo
585 3352 712 3417 nomine
734 3353 839 3416 clarus
863 3366 951 3417 erat:

134 3454 259 3519 Cuncta
283 3457 386 3517 iacent
408 3453 542 3517 flammis
564 3465 596 3518 et
617 3454 701 3518 tristi
722 3476 824 3518 mersa
848 3455 978 3518 lavilla:

198 3559 269 3621 Nee
291 3555 399 3639 superi
423 3556 541 3620 vellent
562 3556 626 3620 hoc
647 3556 776 3625 licuisse
800 3556 875 3621 sihi.

451 3717 495 3779 a.
528 3698 734 3780 namnam(
753 3716 812 3795 (L.
836 3712 938 3796 isa)

134 3823 338 3907 Argiletanas
361 3825 462 3889 mavis
483 3826 628 3889 habitare
651 3826 820 3904 tabernas,
894 3848 895 3852 ¹
1005 3822 1007 3826 '

198 3927 304 4006 Quom
329 3912 405 4002 tibi,
429 3948 531 4010 parve
552 3928 654 4005 liber,
678 3928 794 3990 scrinia
817 3940 930 3992 nostra
951 3941 1079 4014 valcant.

85 4056 88 4060 ·
133 4027 246 4091 Nescis
270 4029 351 4090 heu!
374 4029 476 4092 nescis
498 4029 646 4094 dominae
668 4029 793 4094 lastidia
816 4032 960 4097 Romae:

197 4129 304 4194 Crede
328 4129 424 4205 milri,
449 4128 576 4193 nimium
599 4131 719 4196 Martia
743 4133 838 4195 turba
860 4133 955 4214 sapit.

132 4232 280 4296 Maiores
302 4252 456 4315 nusquam
478 4233 610 4312 ronchi,
633 4232 831 4318 iuvenesque
853 4255 1010 4321 senesque

1236 3256 1254 3318 5

1111 4195 1256 4305 ‘a
