2782 4762
662 349 791 396 'rflhhth

337 455 426 533 Sint,
451 476 532 539 qnae
554 473 806 528 commemoras,
832 473 930 517 vera:
954 454 1009 517 sed
1031 453 1154 518 horridi

337 557 453 624 Fontis
475 555 625 642 reliquias
647 557 788 639 prodere
809 553 870 619 iam
893 567 1002 621 vetor.

420 662 645 726 Percontanda
669 681 818 724 sororum

510 766 606 829 Mens
629 777 691 829 est.
737 764 820 830 Cras
843 767 955 830 redeas
978 764 1064 829 licet.
1262 769 1308 830 40

346 1143 431 1208 XII.
469 1143 533 1207 AD
557 1142 797 1206 ANDREAM
819 1141 1116 1209 PLESSULUM.

524 1288 651 1349 Sirena
671 1285 898 1349 MDCXLII.

695 1429 771 1474 obit.

340 1532 583 1608 Desideratum,
608 1530 772 1607 Plessnle,
797 1529 957 1594 barbitum

342 1633 543 1699 Transmitto
566 1655 692 1698 rannus.
744 1631 881 1718 Fulgida
906 1632 1037 1715 Cyntbii

425 1737 493 1801 Per
515 1736 579 1799 tela
602 1746 803 1818 corytonque
825 1747 856 1799 et
879 1759 987 1800 arcum
1010 1749 1042 1801 et

513 1837 697 1903 Caesariem
721 1838 938 1923 citharamque
959 1840 1050 1905 iuro:

341 1984 419 2047 Hoc
440 1980 510 2064 ipse
533 1979 593 2042 lusi
615 2000 718 2060 nuper
741 1983 824 2061 apud
846 1982 961 2054 duccs3

343 2087 420 2150 Hoc
442 2082 653 2147 maximorum
672 2080 803 2144 flumina
826 2082 981 2148 montium

428 2189 620 2271 Oenumque
642 2186 857 2270 Rhenumque
881 2198 912 2250 et
933 2187 1121 2254 frementem

512 2288 643 2354 Detinui
666 2288 852 2353 Venusinus
874 2291 1007 2356 latrum.

345 2433 416 2506 Tu,
441 2430 468 2493 si
490 2427 640 2511 imperito
662 2428 783 2512 pollice
806 2432 978 2508 verberes,

345 2533 560 2616 Chordacque
583 2543 741 2615 tamquam
765 2534 916 2618 graculus
939 2537 1129 2619 obstrepant
1258 2540 1302 2601 10

431 2637 498 2699 Vel
520 2656 613 2699 anser
635 2634 822 2718 ingratusne
843 2659 966 2719 pavus:

512 2737 677 2803 Immerito
700 2761 778 2803 cave
801 2742 1010 2825 conqueraris

344 2880 475 2948 Fecisse
496 2880 619 2944 lnenm.
650 2881 732 2943 Nam
755 2903 857 2967 neque
881 2883 936 2968 qui
958 2907 1047 2949 snum

288 2977 294 2983 ⁸
347 2983 479 3048 Habere
503 2986 615 3048 Turco
639 2981 722 3046 misit
740 2983 925 3063 acinacem,

432 3085 563 3150 Misissc
586 3088 831 3171 Scanderbegus
857 3110 920 3152 una
1264 3097 1308 3160 15

515 3191 601 3252 Ense
625 3212 748 3253 manum
771 3204 966 3257 memoratur
988 3217 1090 3259 usam.

523 3550 627 3612 Xlll.
651 3549 945 3614 SYMPHONIA.

178 3695 284 3758 Poeta
312 3690 497 3754 Guilielmo
526 3689 683 3756 Romelio
712 3689 759 3751 ad
785 3690 934 3777 lyricam
960 3691 1081 3774 podsin
1108 3692 1313 3775 adspiranti

263 3813 414 3877 ostendit
435 3812 575 3876 modum
597 3812 812 3895 temperandi
833 3813 1027 3878 discordem
1048 3814 1234 3901 citharam.

244 3957 284 4020 Ρ.
307 3952 469 4036 Experiar
490 3951 626 4035 primum
650 3953 814 4016 testudinis
837 3954 976 4020 indolem
999 3976 1136 4020 canorae

308 4058 352 4122 Et
375 4055 492 4140 digitos
516 4077 586 4119 eum
610 4078 692 4122 voce
717 4060 897 4133 movendo,

309 4160 509 4224 Pertentabo
532 4161 650 4240 lyram,
674 4181 747 4222 num
771 4159 811 4221 sit
832 4161 1022 4245 symphonia
1046 4183 1198 4227 concors.

394 4309 408 4335 ‚‚
418 4263 565 4331 Ventoso
588 4265 705 4329 Famae
728 4263 841 4349 gaudia
865 4285 905 4328 ne
925 4275 1032 4346 petas.
