2782 4762
98 334 224 402 Annuit
243 333 369 400 invicto
391 334 560 400 caelestum
580 331 708 397 numine
729 343 857 406 rector,

99 439 175 519 Quo
195 448 271 501 tune
294 449 326 502 et
347 437 441 502 tellus
463 448 558 523 atque
580 435 714 502 horrida
736 444 997 499 contremuerunt

99 542 257 627 Aequora
279 539 505 626 concussitque
528 538 679 604 micantia
705 537 809 601 sidera
833 537 978 598 mundus.

99 645 175 727 Ipse
197 655 300 708 autem
322 666 417 708 caeca
440 655 574 708 mentem
597 640 734 726 caligine
758 642 902 705 Theseus

100 745 256 813 Consitus
279 747 382 811 oblito
403 746 521 810 dimisit
540 757 675 829 pectore
699 756 831 819 cuncta,

100 850 191 930 Quae
215 853 358 913 mandata
379 848 470 932 prius
489 848 648 914 constanti
670 859 773 912 mente
790 848 937 912 tenebat:

99 951 217 1018 Dulcia
237 975 296 1017 uec
320 965 438 1018 maesto
458 951 629 1017 sustollens
652 951 744 1034 signa
764 947 905 1032 parenti,

100 1055 264 1138 Sospitem
287 1057 504 1119 Erechtheum
527 1076 561 1118 se
584 1054 722 1120 ostendit
746 1053 850 1117 visere
871 1061 1015 1135 portum.

100 1160 248 1245 Namque
270 1158 394 1235 ferunt,
419 1157 496 1223 olim
517 1156 611 1222 classi
629 1178 727 1242 quom
747 1154 872 1220 moenia
895 1154 987 1217 divae

99 1260 315 1347 Linquentem
339 1273 468 1346 gnatum
491 1260 595 1325 ventis
615 1262 826 1325 concrederet
845 1259 993 1341 Aegeus,

100 1362 195 1429 'l'alia
218 1364 422 1447 complexum
444 1363 551 1428 iuveni
572 1366 716 1427 mandata
735 1360 877 1425 dedisse:

102 1468 234 1542 „Gnate
257 1467 336 1531 mihi
351 1466 452 1552 longa
473 1466 644 1531 iucundior
662 1465 754 1530 unice
777 1463 860 1538 vita,

101 1571 222 1647 Gnate,
246 1592 309 1656 ego
333 1593 426 1657 quem
448 1569 481 1634 in
504 1569 619 1634 dubios
642 1591 748 1653 cogor
771 1566 931 1631 dimittere
954 1587 1061 1640 casus,

101 1671 241 1739 Reddite
262 1672 295 1736 in
317 1685 479 1739 extremae
501 1695 603 1758 nuper
626 1672 703 1736 mihi
724 1673 786 1734 hnc
808 1681 973 1734 senectae:

102 1775 369 1863 Quandoquidem
392 1777 524 1840 fortuna
547 1799 615 1840 mea
638 1799 676 1840 ac
698 1787 751 1838 tua
772 1773 900 1838 fervida
923 1770 1025 1834 virtus

101 1877 212 1961 Eripit
234 1878 340 1943 invito
363 1877 441 1942 mihi
462 1890 509 1957 tc,
533 1879 612 1964 quoi
633 1877 783 1963 languida
805 1878 944 1941 nondum

100 1980 239 2045 Lumina
261 1992 334 2045 sunt
358 1982 447 2067 gnati
469 2004 544 2047 cara
566 1993 705 2046 saturata
726 1983 852 2065 figura:

101 2086 180 2149 Non
202 2106 266 2169 ego
289 2095 320 2148 te
343 2089 484 2169 gaudens
506 2086 636 2150 laetanti
658 2096 793 2168 pectore
817 2082 955 2156 mittam,

101 2189 173 2251 Nec
194 2197 226 2251 te
247 2187 336 2251 serre
358 2187 458 2251 sinam
478 2188 628 2253 fortunae
652 2189 744 2273 signa
767 2189 940 2251 secundae.

102 2291 167 2353 Sed
188 2276 328 2373 primum
351 2291 463 2354 multas
485 2313 674 2375 expromam
698 2302 799 2356 mente
822 2288 986 2375 querelas,

102 2391 262 2458 Canitiem
284 2403 371 2457 terra
394 2405 488 2479 atque
511 2393 619 2460 infuso
642 2395 775 2478 pulvere
796 2394 950 2467 suedans3

101 2496 181 2559 Inde
204 2494 323 2560 infecta
345 2518 432 2581 vago
455 2501 643 2583 suspendam
666 2497 762 2561 lintea
785 2497 887 2573 main,

104 2600 246 2664 Nostros
267 2610 302 2662 ut
323 2600 427 2663 luctus
448 2612 642 2687 nostraeque
664 2600 811 2667 incendia
834 2599 946 2664 mentis
1036 2624 1039 2630 ·

106 2699 267 2765 Carbasus
290 2705 462 2767 obscurata
485 2707 576 2768 dccet
596 2702 764 2788 ferrugine
784 2703 921 2766 Hibera.

104 2805 203 2886 Quod
223 2803 284 2868 tibi
305 2805 333 2868 si
355 2805 457 2870 sancti
480 2806 678 2872 concesserit
699 2806 806 2871 incola
828 2805 935 2882 Itoni,

73 2962 81 2973 ⁸
103 2948 185 3009 Mur.)
221 2949 280 2997 188.
299 2952 417 3010 Virgilius
429 2953 453 2997 h.
468 2954 485 2998 1.
499 2953 602 2999 fortasse
615 2955 707 3014 tegeret
717 2955 853 3008 intentant,
868 2954 929 2998 hen.
943 2950 972 3008 1,
988 2950 1030 2998 95.
1049 2951 1222 2996 Praesentem·

103 3035 151 3081 que
167 3021 231 3067 'sirie
247 3022 371 3066 intentant
388 3023 473 3066 omnin
490 3030 603 3069 mortem.
649 3021 708 3070 193.
728 3024 776 3068 riri
794 3025 921 3069 Schrader.
968 3019 1026 3068 191.
1047 3023 1160 3066 Formam
1176 3036 1221 3066 un·

102 3091 197 3152 guineo
214 3092 344 3137 defenduut
355 3093 461 3137 ttuschtu.
475 3096 505 3138 ad
517 3095 573 3139 Tib.
588 3094 618 3139 Τ.
633 3091 658 3139 2.
669 3108 693 3150 p.
706 3090 766 3140 117.
786 3095 859 3139 Buch.
872 3108 895 3149 p.
907 3089 967 3139 205.
1006 3088 1065 3139 195.
1081 3097 1223 3150 postportut

103 3162 362 3217 (tormentatum.
377 3164 451 3207 Voss.
507 3161 566 3210 191.
586 3177 631 3208 vus
649 3164 746 3209 misera
764 3164 840 3209 Codd.
864 3164 944 3208 Statii.
970 3164 1038 3220 Quod
1056 3168 1149 3208 rectum
1167 3176 1220 3208 esse

102 3245 142 3277 ms
160 3233 240 3276 docuit
258 3234 348 3277 amicus
367 3233 461 3287 hei-se,
492 3237 516 3278 01
539 3239 637 3290 propter
659 3248 784 3279 caesuram
802 3240 826 3279 et
842 3238 941 3290 propter
959 3235 1078 3292 ingratam
1096 3234 1222 3278 elisionem

103 3301 244 3360 diphthongi
261 3303 371 3347 miserae
390 3302 413 3345 in
432 3304 527 3362 vulgata
545 3318 589 3348 rue
608 3304 727 3348 miserae.
753 3305 828 3359 Saepe
848 3317 890 3350 roe
908 3317 951 3359 per
969 3317 995 3348 se
1015 3304 1125 3359 ponitur.
1145 3300 1220 3346 Mun·

102 3377 162 3425 tun,
176 3385 235 3426 rue,
250 3373 360 3417 miserae
372 3372 478 3417 nimium
491 3374 574 3418 uicina
586 3369 731 3418 Cremonae.
745 3398 778 3408 -
791 3387 857 3418 nnnc
868 3376 939 3428 (num
951 3374 1006 3417 Ata.
1018 3370 1056 3430 2.)
1070 3397 1103 3407 -
1115 3385 1149 3415 ex
1161 3372 1220 3415 imis

102 3443 177 3497 Vulp.
215 3440 274 3488 199.
294 3456 366 3487 verua
379 3443 439 3488 Stat.
450 3445 523 3500 Vutp.
543 3445 635 3488 Rursus
645 3444 731 3488 Nodeti
741 3446 770 3487 nd
780 3445 865 3488 hrian.
877 3456 901 3497 p.
917 3442 958 3488 15.
972 3442 1018 3487 cfr.
1032 3443 1130 3487 Lucret.
1140 3437 1164 3484 1.
1177 3439 1220 3489 57.

105 3532 136 3544 -
157 3525 213 3555 rere
230 3512 300 3556 Aldd.
320 3513 394 3560 Doer.
449 3510 509 3561 205.
529 3514 605 3558 inrito
617 3515 707 3568 Buryu.
721 3514 797 3559 Codd.
813 3513 905 3557 Vossii.
955 3509 1015 3556 207.
1034 3524 1220 3568 concursusque

104 3580 147 3626 111.
167 3587 192 3627 01
206 3583 278 3627 Wak.
296 3583 359 3626 coni.
377 3582 429 3628 hst.
448 3581 508 3628 vana
526 3584 549 3628 h.
571 3585 588 3628 1.
609 3581 727 3643 elegantia
746 3599 773 3629 ac
792 3584 900 3642 digniore
919 3583 1014 3626 Lucumo
1030 3597 1101 3640 quain
1116 3581 1222 3624 Catntto.

105 3648 165 3696 2118.
184 3653 359 3697 mentiehtdd.
406 3651 466 3697 211.
486 3653 656 3699 tuciduWak.
703 3653 762 3699 212.
783 3654 859 3699 Codd.
879 3652 998 3711 sospitem
1016 3657 1141 3704 erectum,
1162 3651 1222 3694 unde

104 3721 146 3765 alii
165 3723 351 3778 interpolatores
368 3722 478 3768 fecerunt
495 3725 614 3779 sospitem
632 3730 656 3768 et
673 3731 799 3784 ereetum,
818 3724 859 3768 atti
877 3723 996 3780 sospitem
1015 3727 1040 3766 et
1057 3727 1182 3779 ereptum,
1198 3724 1223 3763 nt

104 3792 186 3838 Maffei
204 3794 247 3838 lib.
263 3808 303 3848 up.
321 3794 381 3837 Stat.
399 3793 469 3837 Atdd.
486 3795 562 3839 Doer.
574 3795 663 3853 Giug.;
683 3797 724 3839 sed
743 3796 818 3838 multo
837 3794 985 3852 ingeniosior
1004 3798 1041 3837 est
1058 3792 1140 3837 Vossii
1156 3791 1221 3835 coni.

104 3876 175 3919 qnam
192 3864 435 3918 repraesentavimus.
473 3861 534 3907 211.
554 3865 649 3909 clu-saie
668 3890 677 3901 ·
696 3891 706 3901 ·
725 3863 861 3923 Linqueret
878 3868 902 3906 et
917 3868 1022 3923 gnatum
1035 3863 1105 3910 Ater.
1118 3860 1220 3906 Gnarin.

105 3929 165 3977 218.
184 3939 301 3977 extrema
319 3947 372 3977 cum
391 3933 451 3977 Cdd.
471 3934 646 3992 utiq.1.aehin.
701 3933 760 3979 228.
786 3935 826 3978 Sic
844 3934 905 3976 haud
924 3935 986 3976 insta
1005 3936 1068 3977 eom.
1088 3933 1188 3977 Lachm.
1208 3945 1221 3974 e

104 4004 211 4062 vestigiis
225 4004 285 4049 cdd.
298 4001 433 4047 obscurato
445 4001 512 4049 dicet
524 4006 608 4058 (Voss.
618 4001 718 4061 Vutp.),
732 4005 867 4048 obscurata
878 4001 956 4062 duget
963 4034 970 4056 ,
985 4001 1056 4063 diget
1067 4006 1113 4047 cet.
1132 4021 1167 4034 -
1180 3999 1227 4045 obe

103 4086 182 4117 ecura
188 4072 358 4130 dicutVutgo;
373 4074 448 4131 inqua
457 4075 510 4119 tect.
520 4075 619 4120 offendit
627 4074 840 4130 dnptexepitheton
845 4069 996 4132 ι[0111811110
1007 4104 1014 4127 ,
1030 4071 1222 4117 cordururnude

104 4145 193 4199 posita.
232 4142 292 4189 219.
312 4143 399 4188 Itonus
417 4157 439 4187 s.
459 4145 526 4197 lton,
546 4146 659 4201 oppidum
677 4145 832 4198 Thessatiue,
855 4142 894 4187 ubi
909 4143 1086 4187 nobilissimum
1098 4142 1224 4186 Minervae

104 4217 219 4272 tempium
238 4219 386 4260 exstructum
403 4213 462 4269 fuit,
483 4216 543 4260 unda
562 4216 685 4262 Minervae
704 4215 794 4259 Itoniae
813 4215 903 4258 cultum
921 4214 950 4257 ad
968 4212 1125 4258 Athenienses
1144 4216 1223 4256 huus·

104 4287 153 4335 isse
172 4289 276 4334 tradunt.
296 4299 320 4331 r.
340 4283 728 4343 80101.ΑροΙΙοιι.111101.Ρ1111.
743 4287 771 4330 ad
784 4283 813 4341 1,
829 4280 888 4330 551.
