2782 4762
89 331 137 395 Et
158 349 253 416 quam
271 326 441 393 falciferos
464 337 619 392 armatum
642 331 812 394 ascendere
837 349 964 391 currus.
1041 332 1043 337 ’

90 432 172 495 lude
190 432 293 495 boves
317 433 441 507 Lucas,
464 429 583 495 turrito
606 452 766 513 corpore,
789 441 910 506 tetros,

91 531 318 619 Anguimanos
335 531 414 596 belli
436 536 616 597 docuerunt
638 533 771 598 volnera
793 532 916 598 Poenei

90 638 235 701 Sufferre
255 647 287 699 et
308 658 438 721 magnas
461 635 581 700 Martis
602 639 734 701 turbare
757 645 915 700 catervas.

92 737 148 802 Sic
169 737 233 801 alid
250 760 291 802 ex
309 739 374 803 alio
393 738 522 822 peperit
540 738 703 804 discordia
726 739 845 814 tristis,

91 838 265 905 Horribile
287 840 431 905 humanis
453 846 542 927 quod
563 841 709 926 gentibus
729 854 811 906 esset
832 841 997 919 inarmis,

91 944 195 1029 Inque
214 942 281 1006 dies
306 943 384 1008 belli
404 942 586 1009 terroribus
608 944 733 1009 addidit
753 966 903 1030 augmen.

156 1049 335 1109 Tentarunt
353 1046 447 1111 etiam
467 1060 578 1111 tauros
599 1046 632 1110 in
653 1069 804 1112 moenere
823 1046 900 1111 belli

91 1147 313 1233 Experteique
330 1170 400 1212 sues
422 1170 537 1212 saevos
558 1161 630 1213 sunt
652 1149 777 1214 mittere
799 1149 832 1212 in
852 1149 990 1224 bosteis;

90 1252 136 1315 Et
155 1248 282 1315 validos
302 1251 420 1333 partim
441 1274 520 1333 prae
539 1274 572 1316 se
592 1253 707 1317 misere
730 1254 840 1317 leones

91 1352 176 1418 Cum
198 1353 388 1419 ductoribus
409 1353 540 1419 armatis
559 1355 725 1441 saevisque
746 1355 926 1439 magistris,

92 1455 176 1536 Quei
196 1456 396 1522 moderarier
414 1457 463 1520 bis
482 1470 614 1541 possent
638 1458 814 1543 vinclisque
830 1471 958 1522 tenere:

90 1557 334 1646 Nequidquam3
357 1559 509 1645 quoniam
531 1560 693 1643 permixta
715 1564 811 1625 caede
837 1560 974 1624 calentes

91 1663 282 1724 Turbabant
300 1661 406 1726 saevei
429 1662 517 1727 nullo
541 1662 723 1727 discrimine
746 1676 883 1737 turmas,

91 1761 268 1827 Terrilicas
295 1764 435 1848 capitum
459 1765 637 1851 quatientes
661 1765 799 1850 undique
825 1765 957 1840 cristas3

90 1867 163 1930 Nec
183 1877 334 1949 poterant
359 1866 483 1951 equites
504 1867 634 1931 fremitu
657 1868 831 1950 perterrita
853 1890 1009 1953 equorum

91 1966 235 2034 Pectora
258 1971 398 2034 mulcere
421 1983 451 2034 et
473 1970 574 2034 frenis
596 1981 793 2036 convortere
816 1971 848 2034 in
869 1970 1006 2035 hosteis.

91 2070 222 2135 Irritata
244 2072 312 2136 leae
335 2071 494 2137 iaciebant
515 2096 658 2157 corpora
681 2075 762 2137 saltu

91 2174 241 2260 Undique
265 2187 296 2238 et
319 2178 490 2241 advorsum
513 2176 713 2240 venientibus
738 2199 798 2241 ora
819 2178 970 2260 petebant

90 2278 135 2340 Et
154 2299 213 2341 nec
236 2275 416 2360 opinanteis
433 2301 452 2341 a
472 2290 567 2365 tergo
592 2278 804 2361 diripiebant,

91 2379 321 2466 Deplexaeque
344 2384 461 2444 dabant
483 2381 516 2444 in
532 2393 651 2446 terram
676 2382 808 2446 volnere
830 2381 952 2458 victos,

92 2482 265 2547 Morsibus
288 2485 399 2547 affixae
424 2483 539 2547 validis
561 2495 656 2569 atque
676 2484 834 2570 unguibus
853 2482 956 2547 uncis.

89 2585 321 2671 lactabantque
343 2609 419 2651 suos
439 2587 542 2651 taurei
561 2587 760 2673 pedibusque
782 2590 945 2660 terebant;

90 2690 136 2752 Et
157 2687 256 2752 latera
277 2710 314 2752 ac
338 2700 463 2753 ventres
484 2689 655 2754 hauribant
678 2693 788 2752 subter
810 2711 966 2774 equorum

90 2791 258 2857 Cornibus
278 2802 309 2854 et
330 2802 449 2856 terram
469 2791 624 2855 minitanti
650 2804 750 2856 mente
773 2796 921 2855 ruebant.

89 2897 137 2960 At
160 2893 275 2957 validis
298 2893 408 2960 socios
429 2897 603 2959 caedebant
623 2894 769 2959 dentibus
792 2894 901 2976 aprei,

91 2998 172 3062 'l'ela
195 2996 332 3060 infracta
355 3020 412 3062 suo
436 2997 595 3082 tingentes
622 2997 775 3082 sanguine
799 2997 921 3072 saevei,

91 3102 131 3164 In
156 3123 188 3164 se
213 3101 317 3163 fracta
339 3122 397 3163 suo
421 3099 580 3186 lingentes
603 3100 757 3185 sanguine
781 3101 861 3176 tela,

90 3294 157 3338 ciere
171 3294 247 3338 luuta.
267 3293 382 3348 Explica:
409 3295 514 3352 „dextra
531 3295 702 3339 veroforliter
726 3296 857 3354 pugnare.”
894 3296 1016 3339 b'irmalur
1032 3298 1209 3355 auteruot'gere

90 3365 150 3408 aC.
166 3364 197 3408 E.
244 3361 320 3408 1299.
341 3363 452 3423 binagom
475 3379 496 3408 s.
525 3363 638 3424 biiugum
656 3367 730 3410 Wak.
753 3366 816 3408 coui.
842 3365 902 3408 Cod.
925 3362 961 3411 H.
981 3364 1102 3424 biiugem.
1132 3366 1212 3410 Ceteri

89 3445 191 3479 ornnes:
212 3432 308 3492 biiugo.
328 3433 429 3492 biiugos
445 3449 497 3477 cum
515 3435 596 3478 Fabro
609 3435 713 3479 malebat
728 3436 808 3478 Bentl.
849 3431 924 3479 1300.
945 3434 1069 3477 inventum
1085 3433 1123 3478 nn
1136 3434 1212 3478 Codd.

89 3505 119 3548 A.
134 3503 163 3547 L.
180 3505 209 3546 Η.
250 3499 324 3548 1309.
345 3501 447 3547 Purtliei
459 3504 535 3547 Codd.
550 3503 574 3548 lt.
592 3505 680 3562 aliique
699 3519 737 3559 ap.
754 3506 825 3548 Pium
838 3505 866 3551 L.
880 3505 910 3547 tt.
925 3504 967 3551 W,
987 3527 1020 3536 ·-
1035 3503 1132 3560 purtim
1146 3504 1212 3547 Reli·

90 3575 140 3632 qui.
155 3573 216 3619 Edd.
230 3579 288 3620 vett.
310 3573 354 3616 dv.
373 3573 402 3616 A.
418 3575 575 3628 probantibus
591 3575 670 3618 Bentt.
691 3589 718 3618 ac
733 3576 817 3631 Preig.
844 3572 941 3632 [Recepi
958 3587 1019 3617 nunc
1031 3572 1126 3630 purtim
1143 3574 1214 3617 eliani

90 3644 261 3689 carneade.
279 3649 303 3688 et
317 3643 348 3686 E.
366 3644 383 3687 i.
397 3658 419 3687 e.
438 3646 555 3689 nonnulli.
576 3645 630 3699 lpse
648 3646 711 3688 euim
729 3659 751 3688 v.
768 3641 843 3688 1310.
863 3657 930 3700 seqq.
947 3644 1064 3688 incertum
1083 3643 1211 3700 relinquit,

91 3721 169 3758 utrum
188 3716 211 3757 id
230 3727 332 3772 unquam
351 3727 379 3758 re
397 3727 453 3758 vera
472 3714 560 3758 facturn
585 3715 616 3758 sit
635 3729 718 3758 necne.
751 3714 803 3759 Nou
822 3714 895 3772 igilur
914 3714 938 3757 h.
960 3715 975 3757 Ι.
996 3718 1087 3757 certum
1107 3712 1159 3755 eius
1178 3712 1214 3756 iu-

90 3785 151 3840 cepti
170 3787 305 3839 exernplum
323 3784 410 3828 afferre
429 3789 531 3838 poterat.
552 3785 650 3840 purtim
663 3786 697 3828 sic
711 3789 848 3839 usurpatum
863 3785 936 3841 habes
950 3785 1022 3828 etiarn
1034 3783 1088 3829 Lib.
1103 3780 1131 3836 6,
1148 3779 1208 3826 llll

91 3859 114 3898 et
130 3851 217 3911 lm]
276 3851 350 3898 1310.
371 3852 514 3898 doctoribus
529 3854 604 3898 Codd.
619 3855 694 3910 aliq,
715 3853 828 3899 etiamC.
841 3854 870 3898 E.
885 3855 928 3898 W.
986 3850 1060 3897 1311.
1082 3849 1211 3896 doeL.11.

92 3921 168 3968 1319.
188 3922 345 3980 deripiebant
357 3924 386 3966 L.
400 3925 429 3968 H.
470 3920 544 3971 1320.
563 3925 581 3968 i.
596 3939 618 3968 o.
633 3929 685 3968 arte
698 3925 832 3980 amplexae.
879 3920 954 3966 1322.
974 3928 1034 3966 ailoe
1052 3924 1080 3965 C.
1095 3922 1125 3966 lt.
1143 3923 1211 3968 Bria.

90 3994 119 4038 tt.
132 3999 178 4038 cet.
198 4018 231 4026 —
251 4006 309 4038 enee
321 3995 380 4042 Ver.
392 3996 454 4042 Vsu.
468 3994 512 4039 Av.
527 3993 556 4037 L.
605 3989 680 4037 1321.
702 3993 736 4038 ud
748 3993 1134 4050 terrumqrieminuntiA.L.1l.
1149 3998 1212 4036 cele·

89 4078 143 4109 rum
155 4064 223 4123 Brit.
239 4063 272 4107 ud
288 4068 392 4107 terrum.
449 4060 523 4108 1327.
544 4063 693 4108 Subditivurn
712 4064 816 4107 iudicant
835 4062 959 4119 plerique,
986 4064 1009 4106 in
1030 4063 1212 4124 quibuszcntl.

91 4139 114 4179 et
129 4133 222 4190 Forb.;
240 4135 268 4177 de
288 4133 374 4187 duplici
388 4139 468 4177 autem
483 4136 623 4178 recensione
637 4135 757 4192 cogitabat
776 4135 835 4176 llav.
868 4133 914 4176 Sed
933 4132 984 4176 vide
1001 4147 1029 4176 ue
1043 4132 1163 4177 similibus
1176 4146 1214 4174 re·

90 4204 245 4259 petitionibus
256 4200 286 4256 5,
303 4201 378 4249 1189.
395 4201 425 4258 b',
441 4200 482 4246 15.
499 4204 593 4249 defendi
609 4207 695 4259 possit.
721 4205 806 4261 sicque
820 4203 912 4256 accepit
924 4203 995 4246 etiam
1009 4202 1156 4247 Knebeliust
1177 4202 1214 4245 aie

88 4271 191 4331 scirbten
208 4274 255 4318 mit
271 4271 331 4318 Blut
352 4273 387 4318 im
406 4271 520 4320 Grimme
545 4273 585 4318 die
607 4271 722 4336 Woffm,
750 4271 799 4318 Mu
822 4271 878 4318 dem
902 4272 1009 4332 cigsnen
1034 4269 1094 4315 Blut
1116 4269 1158 4315 die
1181 4283 1214 4314 un
