2782 4762
126 180 164 241 20

127 337 181 402 Sic
204 340 367 401 hominum
390 334 544 421 geminam
566 335 709 418 prolem,
733 334 779 399 sic
799 334 933 421 denique
956 346 1054 399 mutas

128 439 370 526 Squamigerbm
396 441 533 522 pecudes
553 449 584 502 et
605 459 747 520 corpora
771 449 883 501 cuncta
909 437 1085 519 volantum.

128 545 336 626 Quapropter
357 541 476 606 caelum
498 539 594 605 simili
615 540 741 605 ratione
760 540 951 604 fatendumst

128 649 325 730 Terramque
336 657 367 709 et
379 644 495 721 solem,
517 645 640 721 lunam,
664 665 767 720 mare,
791 654 913 718 cetera,
937 654 1121 729 quaesunt,
1156 641 1236 704 1085

127 751 204 813 Non
226 770 293 812 esse
314 746 425 824 unica,
448 750 503 810 sed
525 769 657 811 numero
681 745 782 831 magis
804 744 1008 819 innumerali;

128 850 392 936 Quandoquidem
413 848 497 912 vitae
521 853 671 932 depactus
691 847 844 912 terminus
870 849 931 912 alte

129 958 208 1018 'sam
232 964 335 1015 manet
358 954 437 1024 haee
459 963 573 1015 ettam
596 950 704 1015 nativo
730 972 871 1032 corpore
894 963 1040 1015 constant

129 1058 231 1137 Quam
254 1076 352 1140 genus
376 1076 486 1129 omne,
510 1057 599 1140 quod
619 1053 670 1116 his
695 1053 870 1138 generatim
892 1057 987 1117 rebus
1009 1057 1160 1118 abundat.

192 1159 281 1240 Quae
301 1161 381 1221 bene
406 1156 536 1241 cognita
558 1155 585 1220 si
607 1168 729 1232 teneas,
754 1168 866 1220 natura
885 1156 1013 1219 videtur
1159 1157 1241 1218 1000

130 1261 251 1324 Libera
275 1259 445 1334 continuo,
469 1259 604 1324 dominis
624 1258 750 1342 privata
770 1259 931 1342 superbis,

128 1366 203 1446 Ipsa
223 1385 279 1425 sua
298 1385 357 1444 per¹
380 1373 412 1426 se
434 1374 547 1445 sponte
571 1361 676 1426 omnia
698 1364 746 1425 dis
768 1385 865 1446 agere
888 1385 1016 1444 expers.

128 1469 226 1541 Nam,
249 1487 311 1547 pro
334 1475 441 1528 sancta
463 1467 555 1528 deilm
579 1465 751 1550 tranquilla
772 1477 906 1547 pectora
926 1487 1022 1547 pace,

130 1570 219 1649 Quae
235 1566 393 1650 placidum
412 1571 531 1652 degunt
553 1589 666 1631 aevom
686 1567 878 1652 multumque
900 1572 1062 1630 serenum!

130 1670 209 1751 Quis
231 1692 345 1755 regere
364 1670 507 1733 immensi
529 1691 695 1746 summam,
718 1669 789 1755 quis
811 1672 930 1732 habere
952 1669 1107 1752 profundi
1161 1669 1240 1733 1095

129 1775 210 1836 Indu
233 1795 324 1835 manu
344 1772 465 1836 validas
487 1771 573 1855 potis
599 1783 646 1835 est
668 1775 871 1836 moderanter
894 1771 1058 1834 habenas?

109 1875 210 1956 ‘Quis
232 1875 355 1958 pariter
376 1875 483 1938 caelos
506 1874 627 1938 omneis
650 1886 844 1938 convortere
868 1887 898 1937 et
921 1874 1041 1938 omneis

130 1979 264 2063 ignibus
287 1977 436 2041 aetheriis
457 1988 559 2040 terras
581 1978 685 2040 suffire
710 1977 861 2050 feraceis;

131 2079 286 2146 Omnibus
311 2080 384 2144 inve
406 2080 489 2144 loeis
509 2101 576 2142 esse
602 2079 687 2142 omni
709 2090 855 2160 tempore
877 2091 1024 2161 praesto,

131 2185 278 2248 Nubibus
300 2194 335 2244 ut
355 2184 501 2245 tenebras
524 2178 621 2244 faciat
641 2181 783 2266 caelique
807 2203 918 2245 serena
1164 2185 1245 2244 1100

131 2285 306 2352 Concutiat
327 2283 453 2349 sonitu?
475 2295 541 2347 tum
562 2282 694 2346 fulmina
713 2282 816 2347 mittat
839 2297 870 2348 et
891 2286 996 2350 aedeis

132 2390 234 2471 Saepe
257 2409 327 2450 suas
350 2387 505 2449 disturbet
528 2397 559 2448 et
580 2385 613 2449 in
634 2389 758 2449 deserta
778 2390 929 2451 recedens

132 2489 277 2566 Saeviat,
300 2511 453 2562 exercens
474 2489 588 2565 telum,
612 2511 676 2574 quo
698 2511 791 2572 saepe
812 2492 976 2555 nocenteis

131 2592 292 2656 Praeterit
311 2591 532 2676 exanimatque
553 2591 704 2675 indignos
725 2592 821 2679 inque
844 2594 1034 2658 merenteis‘?

194 2695 363 2781 Multaque
388 2706 463 2777 post
486 2694 592 2757 inundi
613 2704 738 2778 tempus
761 2696 897 2780 genitale
921 2697 1066 2784 diemque
1165 2700 1245 2762 1105

132 2797 352 2883 Primigenum
370 2797 465 2860 maris
489 2808 520 2860 et
541 2808 647 2861 terrae
666 2798 807 2884 solisque
830 2811 978 2863 coortum

132 2899 252 2965 Addita
274 2923 416 2984 corpora
438 2911 509 2963 sunt
530 2899 744 2975 extrinsecus,
768 2901 874 2964 addita
898 2901 1019 2967 circum
1092 2946 1094 2950 Α

132 3002 273 3080 Semina,
297 3025 378 3088 quae
401 3025 547 3087 magnum
569 3000 737 3067 iaculando
760 3002 896 3067 contulit
917 3027 1027 3087 omne:

186 3223 261 3272 1082.
280 3225 392 3286 genitam
410 3225 455 3270 Ar.
470 3225 501 3270 P.
521 3248 553 3257 -
571 3225 711 3284 (gemmam
729 3227 801 3270 etiam
819 3227 848 3270 C.
868 3223 912 3283 E.)
949 3224 1025 3272 1088.
1045 3228 1080 3272 lta
1094 3228 1170 3273 Codd.
1184 3229 1245 3273 Eud.

132 3301 190 3342 vett.
204 3297 250 3340 nisi
263 3296 325 3353 quod
339 3295 414 3339 etium
427 3294 549 3339 exhibent.
570 3315 599 3326 -
619 3299 703 3338 munet
719 3292 760 3339 tte
778 3301 802 3339 et
818 3301 870 3340 tom
887 3297 969 3341 nativo
979 3295 1040 3341 lucer
1050 3312 1155 3356 corpore
1173 3299 1202 3343 L.
1215 3299 1246 3346 fl.

134 3363 210 3412 1089.
230 3364 340 3409 abundat
357 3364 418 3412 Cod.
430 3359 462 3412 Δ.
475 3365 505 3409 Α.
519 3364 549 3413 L.
564 3364 594 3408 ll.
615 3389 647 3399 -
666 3363 797 3409 abundans
813 3366 842 3410 C.
857 3367 889 3410 E.
907 3367 969 3412 Edd.
987 3373 1046 3412 vett.
1062 3369 1105 3412 W.
1121 3370 1150 3415 F.
1169 3370 1247 3412 duris-

132 3433 193 3481 simi
212 3440 291 3480 manen
309 3435 495 3480 constructione.
532 3435 647 3490 Explicat
668 3449 758 3492 „quam
776 3449 845 3480 omne
863 3449 952 3499 genus,
971 3439 1033 3494 quod
1050 3440 1125 3482 multa
1142 3439 1247 3493 comple-

132 3507 205 3552 ctitur
217 3507 349 3560 individua,
370 3519 442 3563 quum
454 3506 496 3548 illa
513 3502 605 3563 (terra,
625 3505 680 3560 sol,
699 3505 758 3561 cet.)
778 3506 921 3561 linusano,
942 3507 1012 3551 nobis
1023 3509 1148 3552 videantur
1166 3509 1190 3552 in
1203 3521 1247 3551 suo

133 3591 221 3636 genere
241 3576 335 3620 unice.'’
372 3572 448 3620 1094.
468 3576 618 3633 inultumque
636 3589 752 3620 aerenum
771 3577 788 3620 i.
801 3590 823 3620 e.
843 3578 930 3631 „valde
943 3576 981 3621 s.¹’
1000 3577 1060 3622 Cdd.
1072 3580 1130 3635 aliq.
1144 3577 1172 3622 C.
1184 3577 1246 3621 Edu.

132 3652 190 3692 vett.
202 3648 242 3692 W.
253 3646 283 3691 F.
303 3666 338 3678 -
353 3646 504 3703 multumque
521 3645 551 3690 E.
581 3669 614 3678 -
640 3645 762 3703 uitamque
781 3659 897 3690 serenum
919 3647 979 3691 cdd.
996 3647 1052 3704 aliq.
1076 3662 1088 3692 e
1110 3648 1174 3692 facili
1190 3661 1247 3691 sane

133 3717 294 3762 correctione.
311 3715 356 3760 Αν.
371 3716 401 3760 Ρ.
415 3715 444 3759 L.
458 3716 488 3760 ll.
528 3712 603 3759 1102.
622 3715 676 3772 ipse
692 3715 800 3759 Laetant.
816 3713 846 3770 3,
864 3714 904 3761 17.
922 3718 973 3761 sine
991 3718 1105 3762 varietate
1119 3718 1246 3762 lectionis.

59 3790 61 3794 '
134 3788 176 3831 W.
187 3787 217 3830 Ε.
238 3788 284 3832 Sed
297 3786 403 3830 Lucretii
416 3785 493 3829 Codd.
510 3799 606 3839 omnes,
621 3785 682 3828 Edd.
696 3789 753 3830 vett.
768 3798 852 3842 caepe.
892 3783 967 3831 1103.
987 3800 1034 3844 quo
1048 3787 1109 3831 Edd.
1128 3793 1186 3832 vett.
1202 3787 1248 3833 nv.

136 3878 165 3889 -
186 3855 250 3914 quod
263 3857 293 3904 C.
310 3856 341 3901 Ε.
362 3856 392 3899 Α.
411 3855 440 3901 L.
458 3855 488 3899 ll.
503 3856 545 3899 W.
558 3855 590 3900 E.
647 3851 722 3900 1110.
742 3856 845 3912 (irrupto
856 3853 913 3914 W.)
931 3856 1045 3901 Ceterum
1064 3871 1087 3900 v.
1106 3871 1246 3916 apparere,

133 3920 163 3987 (a
180 3940 203 3970 v.
223 3926 300 3981 pario)
319 3927 479 3983 „acquirere,
501 3925 664 3984 adiungere”,
693 3925 751 3968 alibi
769 3938 885 3982 nusquam
902 3927 1038 3982 reperitur3
1064 3922 1124 3971 uude
1143 3929 1247 3980 laetum,

134 4001 160 4039 ut
177 3996 283 4039 nonnulli
296 3998 384 4040 vellent
401 4000 508 4053 opturet.
547 3994 622 4042 1113.
640 3996 764 4038 recellunt
779 3995 855 4039 Gron.
876 4020 909 4030 -
927 3995 961 4041 nd
976 4010 1025 4041 cuo
1043 3997 1142 4041 ceruina
1160 3996 1251 4041 cedunt

134 4067 173 4110 Pii
187 4065 290 4119 exempl.
338 4063 413 4110 1116.
432 4065 558 4110 Dorticum
571 4065 631 4109 Cdd.
642 4065 700 4122 aliq.
711 4068 782 4109 etiam
792 4079 858 4110 inens
869 4065 898 4113 C.
918 4067 979 4110 Mihi
992 4067 1087 4124 quidem
1095 4068 1249 4122 interpolatio

135 4136 214 4192 potius
230 4136 337 4180 videtur:
362 4134 475 4194 Denique
496 4135 556 4180 cdd.
573 4137 751 4192 plerorumque.
770 4133 827 4193 (E.)
844 4136 906 4181 Edd.
926 4141 985 4181 vett.
1005 4139 1047 4182 W.
1070 4159 1099 4169 —
1123 4136 1250 4182 Dorticum

136 4220 181 4262 pro
202 4204 279 4250 donec
298 4205 385 4259 scripsi
404 4203 608 4251 etiamv.1130.
628 4221 680 4250 cum
698 4205 783 4252 Lamb.
797 4207 858 4251 Hav.
897 4203 975 4251 1121.
994 4208 1030 4252 lta
1044 4208 1119 4259 0011.Ι
1131 4209 1249 4266 plerique.

135 4277 315 4322 11111111.-
334 4273 375 4319 stc
389 4275 419 4320 Α.
441 4300 472 4314 -
490 4274 539 4321 Hie
558 4277 598 4321 alii
614 4277 675 4323 Cod.
689 4276 718 4321 L.
734 4277 763 4322 H.
816 4275 891 4322 1122.
912 4274 1020 4322 hilarem
1035 4292 1077 4338 gr.
1100 4277 1134 4323 nd
1150 4284 1250 4324 auctum
