2782 4762
128 176 187 239 196

129 333 255 396 Mobile
279 331 447 406 collucrit,
472 328 608 412 patranti
631 328 751 390 fractus
775 327 893 391 ocello.

128 438 191 497 Hic
214 455 318 518 neque·
342 454 430 496 more
452 435 558 514 probo
584 431 690 493 videns
713 451 771 492 nec
794 451 874 493 voce
897 450 1009 492 serena

127 538 281 621 Ingentes
304 535 464 616 trepidare
487 534 597 610 Titos,
624 553 719 616 quom
743 532 881 593 carmina
905 533 1043 594 lumbum
1211 531 1252 591 20

128 641 253 704 Intrant
276 649 305 698 et
328 637 465 699 tremulo
489 637 675 717 scalpuntur
698 633 752 695 ubi
773 634 883 696 intima
906 656 1013 697 versu.

130 744 223 816 Tun,
250 740 375 813 vetule,
400 738 550 801 auriculis
572 736 680 798 alienis
704 736 830 819 colligis
855 735 967 798 escas?

128 841 311 917 Auriculis‚
336 840 449 923 quihus
473 851 504 902 et
527 839 611 901 dicas
634 849 706 900 cute
728 837 887 918 perditus,
913 840 992 901 ohel
1017 873 1058 883 —

128 947 226 1024 „Quo
250 943 413 1017 didicisse,
440 941 499 1004 nisi
520 943 584 1004 hoc
605 940 795 1002 fermentum
818 953 849 1003 et
873 961 953 1024 quac
976 941 1073 1003 semel
1095 940 1182 1005 intus

128 1050 240 1110 lunata
265 1058 328 1119 est,
354 1056 451 1125 rupto
475 1044 581 1105 iecore
605 1041 719 1104 exierit
744 1042 961 1123 caprificus?”
985 1080 1024 1090 --
1129 1046 1132 1053 ’
1211 1045 1250 1105 25

131 1152 182 1212 Εο
206 1149 311 1230 pallor
333 1147 535 1229 seniumque!
560 1167 580 1207 0
604 1147 732 1207 mores!
756 1147 864 1226 Usque
888 1147 1009 1209 adeone

131 1251 220 1313 Scire
243 1263 330 1313 tuum
352 1248 429 1310 nihil
453 1260 519 1321 est,
544 1247 655 1308 uisite
678 1246 760 1308 scire
782 1249 847 1310 hoc
870 1246 948 1309 sciat
971 1248 1074 1311 alter?
1098 1279 1139 1291 ·-

130 1357 197 1425 „At
220 1353 385 1433 pulchrum
410 1361 458 1411 est
480 1350 581 1432 digito
606 1349 774 1411 monstrari
796 1362 826 1411 ct
850 1350 971 1424 dicier,
996 1351 1059 1412 Hic
1082 1355 1150 1414 cst!

130 1460 200 1517 'l'en
224 1454 413 1517 cirratorum
438 1464 561 1513 centum
586 1452 698 1513 dictata
720 1452 817 1514 fuisse

129 1559 198 1620 Pro
221 1556 319 1618 nihilo
343 1553 513 1634 pendas?’'
537 1587 578 1597 —
600 1554 687 1614 Ecce
710 1554 793 1616 inter
815 1557 932 1634 pocula
956 1568 1113 1638 quaerunt
1210 1556 1251 1617 30

132 1657 324 1722 Romulidae
348 1656 464 1729 saturi,
489 1654 566 1738 quid
589 1653 637 1715 dia
662 1658 812 1735 po'e‘mata
836 1669 979 1719 narrent.

128 1763 192 1823 Hic
215 1759 345 1840 aliquis,
371 1757 422 1818 cui
445 1756 564 1819 circum
587 1757 736 1818 humeros
760 1758 961 1836 hyacinthina
984 1760 1074 1820 laena
1096 1771 1161 1833 est,

132 1860 344 1925 Rancidulum
368 1859 515 1942 quiddam
537 1859 630 1920 balba
655 1861 692 1919 de
716 1880 790 1919 nare
814 1860 955 1935 locutus,

103 1961 312 2043 Phyllidas,
337 1961 554 2041 Hypsipyles,
580 1971 684 2020 vatum
709 1971 741 2021 ct
762 1961 923 2039 plorabile
946 1962 973 2024 si
996 1963 1089 2047 quid,

128 2065 261 2149 Eliqual
285 2084 321 2123 ae
344 2056 663 2146 tenero‘supplantat
686 2064 785 2123 vcrha
809 2065 929 2143 palato.
1209 2069 1249 2131 35

201 2274 241 2319 18.
262 2271 389 2330 calluerit]
408 2273 477 2315 TES.
498 2293 531 2302 --
561 2273 681 2317 collueris
708 2274 809 2316 RVAM.
839 2279 862 2316 et
886 2276 911 2317 S.
938 2289 951 2316 a
975 2289 1024 2320 sec.
1053 2289 1086 2318 rn.
1133 2276 1174 2320 19.
1204 2291 1249 2320 nec

128 2343 335 2403 0000]Ἰ“118Α.-
343 2355 420 2400 neque
430 2356 452 2385 0.
461 2341 541 2384 VEM.
563 2339 604 2386 20.
614 2363 643 2374 -
652 2342 815 2402 IngenuosR.
831 2342 869 2385 lb·
879 2365 907 2374 —-
916 2343 1012 2387 lumbos
1022 2345 1076 2387 SM.
1091 2341 1133 2388 21.
1143 2366 1174 2378 -
1183 2349 1250 2389 scal·

128 2420 191 2472 print
206 2416 237 2457 V.
253 2409 295 2455 22.
316 2411 481 2454 ——auricolis
501 2411 581 2455 TVM.
596 2410 633 2454 lb.
651 2433 679 2443 -
694 2412 793 2455 alienas
804 2412 832 2454 E.
854 2409 1057 2457 23.-lrolre11.
1078 2410 1120 2456 2l.
1135 2412 1198 2473 (luel
1219 2417 1248 2459 P.

129 2481 239 2543 -Quid
250 2480 413 2524 'intusum
429 2481 482 2523 scil.
495 2481 530 2522 111.
542 2474 676 2547 ἀμέτρως
683 2493 691 2523 .·
706 2479 771 2540 Quid
783 2481 904 2525 didicisse
917 2482 985 2525 iuuat
997 2497 1021 2525 n.
1043 2483 1078 2526 lb.
1097 2504 1126 2513 -
1138 2483 1204 2526 inter
1217 2487 1248 2527 V.

130 2549 172 2596 25.
196 2574 222 2589 -·
238 2550 326 2593 innata
344 2554 417 2605 rupto
436 2550 465 2592 R.
487 2545 528 2592 26.
549 2551 691 2592 -sentum
711 2549 916 2607 estquodmores
935 2552 964 2594 R.
986 2550 1028 2599 29.
1051 2573 1079 2582 -
1102 2550 1166 2594 Tam
1184 2554 1248 2596 cirr.

132 2622 161 2665 R.
184 2621 219 2663 lb.
242 2643 275 2652 -
294 2617 378 2663 dicala
397 2619 425 2664 R.
465 2615 505 2660 31.
528 2639 557 2649 -
587 2618 628 2676 qui
646 2617 692 2661 dia
716 2619 767 2661 ΤΒ.
813 2616 853 2663 32.
875 2643 908 2652 -
927 2621 968 2663 cui
986 2622 1056 2665 circa
1078 2620 1134 2663 nul.
1155 2641 1189 2652 -
1208 2624 1250 2681 qui

128 2691 224 2737 circum
235 2688 287 2731 RE.
307 2688 343 2731 lb.
363 2709 392 2718 -
412 2688 470 2730 lena
486 2701 534 2730 om.
552 2692 590 2730 est
608 2687 637 2731 E.
659 2685 700 2731 33.
722 2711 754 2720 -
767 2687 924 2731 rancidolum
944 2692 976 2733 V.
993 2690 1027 2732 lb.
1043 2713 1075 2723 —-
1088 2688 1210 2748 quoddam
1222 2694 1248 2740 S.

130 2756 171 2803 36.
192 2781 225 2792 -
241 2763 322 2801 uatum
336 2756 465 2812 probabile
483 2755 512 2799 R.
552 2753 592 2800 35.
616 2781 645 2789 -
658 2755 780 2801 Elieatil.
800 2757 835 2800 lb.
856 2771 885 2798 ac
898 2756 968 2816 reim]
981 2759 1031 2805 EA.
1047 2783 1079 2791 —
1093 2764 1116 2802 el
1134 2765 1184 2804 ten.
1198 2763 1248 2805 VS.

128 2847 161 2862 ·-
180 2842 195 2870 a
214 2833 263 2871 len.
283 2827 312 2870 F.

132 2926 280 2939 —-—ae

200 2985 240 3030 18.
261 2986 379 3029 colliseris
397 3000 441 3029 rw.
499 2985 539 3031 19.
565 3001 643 3046 neque
668 3001 723 3031 voce
752 2987 866 3043 rpuPW.
922 2985 963 3031 21.
990 2986 1056 3046 Quid
1073 2986 1126 3032 did.
1144 2989 1249 3044 pwPW.

130 3053 171 3101 ³5.
192 3061 215 3099 01
232 3061 316 3098 tenero
335 3055 393 3108 er.

126 3157 276 3168 —-

201 3203 241 3249 18.
261 3204 387 3262 Patranli]
407 3207 515 3250 Patratio
541 3213 578 3252 est
597 3210 632 3253 rei
651 3223 766 3255 venereae
790 3209 904 3264 perfectio
921 3211 957 3253 vel
980 3212 1167 3264 consummatio,
1189 3214 1249 3255 aride

130 3280 152 3320 et
170 3280 249 3330 patres
275 3275 346 3325 dicti,
368 3288 396 3317 eo
415 3278 476 3332 quod
496 3279 628 3330 patr-alione
645 3277 708 3322 filios
728 3283 864 3334 procreant.
903 3279 940 3322 lb.
960 3277 1059 3331 Ocella,
1081 3293 1123 3333 per
1139 3273 1250 3328 inond-

129 3351 230 3413 ρισμα·
250 3346 304 3401 quin
322 3345 388 3387 illum
405 3345 565 3388 contrahendo
584 3347 702 3399 minorem
719 3349 785 3392 fucit.
815 3348 946 3391 luvenalis:
968 3345 1003 3402 (l,
1026 3345 1099 3403 241.)
1116 3349 1250 3407 oculosque

129 3417 156 3457 in
173 3411 229 3475 fine
259 3418 403 3457 trementes.
459 3411 501 3457 21.
534 3413 566 3460 El
589 3419 695 3459 tremulo
722 3415 879 3472 scalpuntur]
904 3417 930 3460 ln
956 3417 1079 3461 libidinem
1098 3418 1247 3462 excitantur:

131 3483 267 3527 luvenalis.
289 3482 330 3537 (6,
353 3480 423 3534 195.)
443 3482 514 3542 (laod
533 3484 599 3527 enirn
612 3497 661 3528 non
680 3487 776 3529 excitat
788 3487 881 3544 inguen
903 3484 958 3529 Vox
971 3485 1063 3530 blanda
1081 3492 1103 3529 01
1120 3485 1250 3544 nequam?

129 3551 224 3610 digitos
247 3549 328 3595 habet.
384 3549 426 3595 26.
457 3551 536 3610 Usque
560 3552 653 3597 adeone
681 3555 748 3597 scire
767 3552 845 3610 tuum]
870 3555 933 3599 llaec
958 3556 1071 3610 periodus
1095 3557 1157 3609 apud
1178 3556 1249 3601 Luci·

129 3622 187 3665 lium
210 3622 287 3676 posita
304 3625 354 3665 est:
376 3626 402 3664 ul
419 3635 458 3663 me
477 3622 543 3664 scire
559 3623 661 3665 columi
679 3623 934 3677 monarchiarum,
954 3638 984 3667 ne
1003 3623 1123 3668 damnum
1135 3621 1247 3682 faciam.

129 3689 201 3734 Scire
219 3688 264 3733 ltoc
283 3690 423 3743 senescit,
442 3689 495 3733 nisi
512 3691 578 3734 alios
596 3690 624 3735 id
641 3692 708 3734 scire
726 3693 824 3736 scierit.
862 3693 972 3746 (Douza:
995 3691 1025 3736 llt
1042 3707 1080 3736 me
1100 3694 1167 3736 scire
1184 3694 1248 3746 uolo,

129 3758 192 3801 milri
209 3773 283 3813 eum,
301 3764 375 3816 pulo,
402 3760 520 3802 conscius
541 3760 609 3816 ipse.
631 3758 668 3803 Ne
683 3759 802 3804 damnum
812 3758 914 3820 faciam
926 3793 933 3815 ,
953 3765 1020 3806 scire
1039 3759 1085 3806 hoc
1100 3775 1127 3804 00
1143 3763 1248 3814 nesciet,

129 3826 157 3870 id
173 3828 200 3870 ni
221 3827 293 3872 Scire
319 3828 384 3871 aliae
411 3827 520 3881 scierit.)
574 3826 616 3872 28.
636 3827 668 3871 At
681 3828 816 3886 pulchrum
836 3837 873 3874 001
891 3830 972 3888 digito
996 3830 1176 3888 monstrarier]
1205 3833 1249 3875 1110

128 3896 259 3952 requiritur
277 3897 378 3940 historia
396 3897 580 3950 Demosthenis,
607 3899 646 3954 qui
665 3912 736 3955 quom
754 3902 869 3945 transiret
896 3905 919 3943 et
945 3914 957 3941 a
985 3900 1137 3944 mercenario
1169 3900 1248 3944 taber-

129 3978 172 4007 nae
191 3965 264 4022 digito
292 3971 484 4019 incasti-uretur,
516 3967 594 4010 fertur
622 3968 723 4011 lactatus
741 3983 809 4022 esse,
839 3970 900 4026 quod
916 3968 946 4011 ab
966 3969 1112 4026 ignobilibus
1136 3970 1248 4014 sciretur.

128 4033 160 4077 Et
183 4033 298 4076 Horatius
324 4034 385 4077 libro
416 4040 501 4092 qrrarto
528 4035 666 4079 Carminnm
688 4033 728 4090 (3,
762 4035 817 4094 21.)
836 4040 870 4082 sic
892 4037 988 4092 posuit:
1027 4038 1117 4082 Tolum
1136 4038 1250 4081 muneris

128 4100 174 4145 hoc
193 4101 229 4145 lui
247 4107 297 4154 001,
327 4101 397 4161 Quod
414 4109 540 4148 monstror
563 4103 643 4164 digito
662 4108 889 4161 praetereuntium.
945 4104 987 4151 29.
1009 4106 1063 4150 Ten
1083 4105 1248 4162 cirratorum]

127 4170 224 4215 Occulte
244 4172 320 4227 tangit
337 4171 475 4228 Neronem,
496 4174 562 4219 cuius
582 4176 701 4228 carmina,
722 4176 776 4230 quia
795 4176 940 4231 imperabat.
961 4189 1004 4229 per
1023 4176 1118 4220 scholas
1139 4175 1248 4221 celebra·

126 4241 219 4288 bantur.
