2782 4762
160 186 222 251 231

160 345 343 429 Surgehant
366 344 497 407 cristae:
524 342 600 405 nihil
624 354 690 418 est,
716 346 805 427 quod
828 346 959 408 credere
983 347 1020 407 de
1043 367 1076 408 se

161 449 238 511 Non
260 445 385 528 possit,
410 465 507 529 quom
531 447 697 520 laudatur,
723 447 770 507 dis
791 467 891 527 aequa
913 458 1067 527 potestas.

161 549 225 612 Sed
246 552 354 612 decrat
375 546 455 629 pisci
477 546 603 628 patinae
626 568 783 610 mensura.
827 549 998 612 Vocantur

159 652 253 735 Ergo
275 649 307 712 in
329 648 496 713 consilium
517 669 689 730 proceres,
715 670 798 732 quos
821 653 933 713 oderat
954 650 1025 725 ille3

164 754 204 815 ln
227 773 362 837 quorum
385 752 466 814 facie
489 751 621 813 miserae
645 772 841 834 magnaeque
863 754 994 814 sedebat

159 854 273 919 Pallor
295 852 463 915 amicitiae.
509 852 651 927 Primus,
677 854 831 915 clamante
854 836 1045 931 Liburno,

159 954 333 1030 ,Currite,
357 956 417 1017 iam
440 954 568 1017 sedit!”
591 967 684 1036 rapta
707 958 905 1037 properabat
928 957 1033 1020 abolla

159 1060 323 1143 Pegasus,
348 1056 498 1121 attonitae
519 1056 645 1139 positus
667 1059 763 1121 ruodo
787 1057 914 1120 villicus
937 1059 1028 1121 urbi:

158 1163 254 1225 Anne
277 1161 362 1222 aliud
382 1171 457 1221 tunc
480 1159 661 1241 praefecti?
683 1181 821 1240 qrrorum
844 1159 982 1242 optimus
1004 1172 1098 1245 atque

159 1264 326 1344 Interpres
348 1263 454 1346 legum
478 1260 690 1323 sanctissimus
713 1260 818 1324 omnia
842 1250 1031 1344 quamquam

160 1364 375 1446 Temporibus
400 1362 476 1425 diris
499 1365 662 1424 tractanda
685 1365 818 1444 putabat
839 1362 952 1425 inermi

160 1465 300 1529 Iustitia.
344 1465 444 1529 Venit
467 1476 498 1526 et
520 1462 628 1544 Crispi
650 1464 783 1527 iucunda
806 1478 969 1543 senectus,

127 1570 133 1581 '
160 1566 261 1632 Cuius
282 1577 374 1630 erant
396 1587 521 1640 mores,
546 1567 648 1650 qrralis
670 1566 834 1643 facundia,
858 1567 932 1631 mite

159 1669 339 1754 Ingenium.
383 1669 489 1732 Maria
511 1689 549 1731 ac
570 1680 672 1731 terras
695 1670 899 1753 populosque
921 1672 1045 1756 regenti

83 1840 90 1849 ,
161 1771 240 1852 Quis
263 1792 371 1835 comes
393 1769 522 1846 utilior,
548 1770 575 1834 si
598 1771 686 1833 clade
709 1783 741 1833 et
763 1783 853 1853 peste
876 1775 934 1837 stab
956 1773 1008 1835 illa

161 1872 332 1937 Saevitiam
356 1875 502 1935 damnare
524 1884 555 1934 et
577 1873 747 1936 honestum
770 1875 887 1936 afferre
909 1874 1021 1938 liceret
1049 1911 1056 1923 ι

160 1974 362 2040 Consilium?
385 1977 448 2038 Sed
471 1974 547 2058 quid
568 1973 741 2037 violentius
766 1997 840 2038 arare
862 1977 1012 2056 tyranni?

161 2078 243 2142 Cum
267 2098 333 2160 quo
355 2079 393 2138 de
415 2076 532 2158 pluviis
555 2089 607 2138 aut
629 2076 769 2139 aestibus
791 2088 845 2138 aut
868 2077 1015 2143 nimboso

159 2179 249 2263 Vere
271 2177 410 2243 locuturi
431 2177 529 2240 fatum
552 2180 712 2260 pendebat
733 2178 836 2249 amici.

159 2280 220 2343 Ille
243 2280 341 2362 igitur
363 2300 520 2361 nunquam
544 2279 658 2341 direxit
682 2281 812 2342 brachia
835 2293 946 2344 contra

161 2384 356 2446 Torrentem
378 2401 437 2463 nec
459 2380 539 2443 civis
561 2392 648 2456 erat,
673 2381 728 2465 qui
750 2381 850 2444 libera
873 2396 984 2465 posset
1242 2387 1286 2449 90

160 2615 173 2643 a
195 2599 276 2644 Schol.
305 2601 353 2642 iam
376 2600 524 2654 propositam
552 2595 743 2654 1,‚assentatione
770 2615 797 2644 ac
831 2603 899 2646 laude
924 2603 1099 2648 intumescebat
1125 2605 1282 2658 Imperator,

160 2669 268 2726 quamvis
286 2666 385 2726 falso.'’]
406 2669 537 2725 etglossue
552 2668 670 2715 Einsiedl.
692 2667 790 2730 (.,Quid
807 2670 936 2727 apertius?
955 2672 998 2714 hae
1017 2672 1162 2717 adulatione.
1199 2674 1283 2717 Verba

159 2742 215 2783 sunt
243 2741 338 2794 poetae.
390 2735 553 2782 Elevabautur
582 2738 605 2782 ei
632 2751 721 2781 cornua
751 2753 808 2793 prae
836 2739 985 2796 superbia.'')
1019 2747 1115 2786 secutus
1147 2745 1185 2786 est
1210 2743 1284 2786 etiam

160 2808 247 2860 Web.)
299 2805 340 2852 71.
371 2806 538 2850 Memorabilis
566 2811 602 2851 est
629 2808 700 2851 lectio
728 2809 810 2866 Marg.
841 2809 886 2852 Cd.
908 2810 939 2853 D.
967 2807 1023 2853 Non
1040 2811 1116 2854 ausit.
1164 2807 1203 2857 73,
1223 2824 1283 2854 cou-

160 2879 247 2922 cilium
261 2875 357 2920 ABCG.
394 2875 440 2919 Sed
459 2876 504 2920 cir.
524 2875 589 2918 Plin.
618 2873 648 2928 4,
669 2876 715 2930 Ep.
736 2875 778 2920 22.
818 2873 926 2934 Interfui
940 2879 1069 2936 principis
1086 2880 1174 2937 optimi
1190 2881 1285 2939 cogui-

161 2946 238 3000 tioui,
259 2946 286 2989 in
302 2943 436 2988 eonsilium
454 2950 610 3002 oseuruptue.
649 2943 690 2989 tt.
711 2942 744 2988 Et
761 2958 865 3005 quorum
884 2946 944 2990 God.
964 2948 993 2991 tt.
1032 2945 1073 2992 75.
1093 2961 1165 2993 serso
1184 2961 1284 2992 uomen-

160 3017 251 3060 clatore
271 3029 283 3058 e
303 3013 418 3057 Liburnia
437 3015 548 3057 oriundo.
587 3010 628 3057 76.
648 3013 780 3072 Pegasus,
802 3017 896 3059 Stoicus
908 3047 914 3069 ,
935 3016 1177 3072 (quocireaubellu'm
1193 3019 1284 3074 rapit;)
1303 3014 1305 3018 ’

161 3085 221 3128 iuris
239 3083 318 3127 studio
343 3082 447 3144 gloriam
468 3082 598 3126 memoriae
618 3083 723 3136 meruit,
754 3088 781 3128 ut
797 3084 862 3128 liber
879 3087 965 3143 uulgo,
994 3098 1041 3128 non
1060 3084 1131 3130 bomo
1152 3087 1284 3130 diceretur.

161 3153 251 3197 Consul
270 3152 384 3195 suffectus
401 3151 448 3193 fuit
466 3165 520 3195 curn
537 3149 645 3194 Pusione
660 3157 767 3206 tempore
786 3153 945 3208 Vespasiani,
966 3159 1049 3209 postea
1065 3155 1206 3198 Praefectus
1219 3153 1283 3198 urbi.
1312 3181 1318 3191 ·

160 3221 198 3266 Ab
228 3220 273 3264 hoc
298 3219 388 3263 sctum
408 3220 567 3278 Pegasianum
593 3221 621 3263 de
654 3219 845 3266 fideicommissis
867 3222 1037 3267 hereditatibus
1065 3225 1153 3268 dictum
1180 3228 1227 3267 est.
1258 3236 1284 3269 v.

162 3289 217 3335 Gaii
235 3289 290 3333 Lib.
312 3287 336 3332 2.
358 3287 380 3347 5.
401 3285 461 3334 254.
512 3286 543 3333 ll
574 3289 658 3333 Nullus
676 3290 849 3346 interpretum,
868 3305 928 3348 quos
950 3292 1059 3348 equidem
1080 3293 1152 3345 vidi,
1180 3292 1287 3335 laudavit

162 3360 216 3404 Cic.
236 3372 280 3415 pro
297 3357 398 3402 Plancio
416 3372 438 3406 c.
458 3356 500 3403 25.
528 3358 639 3414 populus
663 3357 707 3405 Ro.
737 3359 828 3420 deligit
854 3361 1022 3419 rungistrntus
1040 3361 1115 3419 quusi
1132 3360 1198 3417 reip.
1217 3360 1285 3405 eiiii·

162 3441 214 3473 eoe.
261 3424 303 3473 80.
322 3427 382 3472 Leni
400 3428 588 3483 reprehensione
612 3426 776 3486 significatur,
805 3430 901 3487 Pegaso
920 3431 1073 3473 severitatem
1092 3433 1116 3473 in
1134 3428 1286 3485 praefectura

161 3498 348 3542 adrninistranda
363 3501 418 3540 tunc
441 3499 555 3551 ternporis
574 3498 735 3540 necessariam
754 3498 868 3542 defuisse.
914 3498 950 3543 De
971 3496 1043 3542 Vibio
1063 3495 1153 3555 Crispo
1170 3502 1284 3549 oratore,

161 3581 185 3612 r.
206 3567 285 3614 Tacit.
311 3566 374 3610 Anu.
403 3562 453 3619 11,
473 3563 515 3609 28.
548 3565 609 3609 Hist.
631 3563 661 3619 2,
683 3563 723 3612 10.
746 3563 776 3620 1,
798 3565 846 3620 11,
868 3563 911 3611 ¹13.
947 3568 1012 3611 Dial.
1038 3569 1067 3611 de
1085 3567 1165 3612 Orutt.
1186 3565 1220 3620 8,
1243 3562 1284 3610 13.

162 3638 229 3680 Suet.
258 3636 348 3679 Docuit.
381 3631 404 3677 3.
454 3634 568 3691 Quinctil.
601 3632 631 3688 5,
663 3631 703 3678 13.
733 3633 763 3689 ⁶,
796 3633 821 3679 2.
848 3632 894 3689 10,
928 3634 1020 3688 1.12,
1053 3633 1092 3683 11.
1148 3632 1286 3693 85.serre

163 3704 279 3750 ABCDG.
311 3705 337 3747 ln
366 3707 464 3760 utraque
493 3704 573 3760 lingua
606 3704 746 3758 saepissime
777 3705 895 3760 simplicia
924 3705 1038 3760 vocabula
1072 3718 1117 3760 pro
1145 3703 1287 3759 compositis

162 3776 250 3829 scripta
268 3773 432 3828 reperiuntur.
471 3769 512 3818 91.
533 3771 617 3816 animo
633 3773 736 3817 coniecit
750 3773 812 3828 Rup.
832 3806 844 3828 „
856 3775 966 3829 exempla
988 3775 1099 3818 dictionis
1118 3773 1287 3818 desiderans.'’

162 3845 208 3888 Sed
232 3843 370 3888 audacioris
395 3842 457 3896 tropi
486 3840 596 3896 exempla
625 3841 682 3885 alibi
714 3843 783 3885 auxie
815 3845 948 3899 quaerenda
978 3857 1025 3886 non
1049 3848 1112 3886 enuit.
1160 3842 1206 3886 Est
1231 3843 1287 3886 setl.

164 3913 303 3966 „exanimi
325 3912 443 3957 sententia
466 3911 558 3966 loqui.”
602 3910 692 3953 Contra
719 3909 750 3954 G.
776 3910 806 3953 Ε.
826 3912 963 3956 Weberus:
996 3911 1090 3965 „verbu
1107 3909 1190 3955 libera
1207 3909 1290 3955 enimi

164 3981 182 4026 1.
202 3995 225 4025 e.
245 3980 320 4025 libere
339 3980 411 4024 animi
436 3981 577 4024 sententiam
595 3979 735 4034 aperientis.
784 3979 838 4023 Non
862 3981 1053 4038 coniungendum
1079 3978 1154 4026 verbu
1181 3979 1289 4024 nnimi.'¹
1335 3989 1338 3999 ¹

163 4048 207 4096 ts.
227 4049 337 4102 „Acilius
357 4048 458 4093 Glabrio
478 4053 545 4104 pater
569 4049 660 4095 iuvenis
680 4048 822 4101 clarissimi,
843 4050 898 4105 qui,
919 4063 991 4107 quum
1014 4050 1061 4093 iam
1080 4049 1163 4094 consol
1183 4049 1287 4101 fuisset,

164 4124 189 4162 at
209 4118 339 4162 Domitiani
360 4119 484 4162 saevitiam
503 4119 633 4176 effugeret,
668 4118 736 4160 Bruti
757 4119 866 4171 erernplo
888 4120 1044 4162 stoliditatem
1060 4119 1229 4171 simulaverat,
1255 4118 1289 4160 ita

164 4193 189 4231 ut
207 4190 236 4231 ad
253 4188 435 4247 depugnandum
453 4201 507 4230 curn
527 4189 595 4232 leone
614 4189 680 4231 iussu
700 4187 792 4239 tyrauui
812 4187 985 4232 adduceretur:
1017 4188 1092 4232 nihilo
1112 4192 1190 4231 tamen
1209 4187 1289 4230 rniuus

164 4257 304 4302 interfectus
331 4261 368 4301 est
392 4256 415 4301 in
440 4256 539 4300 exitiost
574 4256 605 4301 G.
630 4257 661 4301 E.
689 4257 819 4300 Weberus.
840 4257 885 4300 cir.
908 4258 973 4301 Suet.
993 4257 1066 4302 Dom.
1089 4253 1130 4301 10.
1149 4256 1196 4300 Dio
1216 4255 1287 4300 Cass.
