2782 4762
294 349 348 414 Sic
371 350 556 415 Alexander
578 349 693 431 Libyci
718 349 894 426 Tonantis,

295 452 348 516 Sic
370 451 456 514 humi
479 455 609 532 Tydeus
631 454 775 517 Danaum
801 452 923 536 quievit

294 555 409 638 Strage
434 556 587 617 Thebana
612 555 772 639 niuuoque
795 554 851 618 leti

378 656 530 720 Pondere
552 656 668 743 lessus,

295 796 407 859 Rebus
430 795 572 858 adversis
595 798 716 859 animus
738 800 916 879 probatur,

293 898 378 959 Num
401 896 461 960 sibi
484 909 621 962 constet.
666 900 795 961 Fremat
819 899 919 962 bostis
943 921 1049 979 arma,

293 1000 381 1064 Vera
406 999 555 1062 Libertas
579 998 698 1062 medios
720 1022 780 1083 per
802 1001 893 1085 ignes

380 1102 479 1164 Vadit
502 1113 533 1164 et
555 1123 658 1164 enses.
741 1150 745 1157 .

296 1241 352 1306 Nil
375 1263 485 1305 moror
507 1241 646 1323 plebem.
691 1242 779 1304 lacet
803 1242 856 1305 ille
879 1265 1033 1327 maguus,

295 1343 360 1424 Qui
382 1344 466 1406 cadit
489 1366 633 1428 magnus.
666 1342 819 1407 Celebrat
841 1347 948 1420 ruina,

295 1447 371 1526 Non
395 1444 509 1526 premit
531 1446 671 1510 fortem:
696 1448 874 1530 titubatque
898 1450 1035 1531 pulchra

379 1549 527 1609 'l'runcus
551 1549 582 1609 in
604 1546 665 1611 ira.

291 1690 420 1754 Volnns
445 1699 597 1750 armatum
622 1689 752 1772 decusat
775 1691 931 1764 cadaver3

292 1790 402 1857 Comit
423 1794 487 1855 hoc
508 1772 595 1872 rupti
617 1811 707 1852 sacer
730 1791 796 1854 oris
820 1793 940 1856 horror

290 1896 335 1959 Et
358 1893 520 1957 cicatrices
543 1905 574 1956 et
596 1894 698 1955 adbuc
719 1892 837 1957 ferocis

375 2000 504 2064 Rudera
529 1996 649 2061 voltus.

290 2140 406 2202 Fracta
430 2136 547 2200 labenti
569 2135 660 2200 senio
683 2147 823 2198 vetustus

292 2244 394 2322 Saepe
419 2239 568 2304 maiorem
591 2238 714 2302 titulum
739 2250 896 2314 meretur,

286 2344 387 2424 Quam
412 2363 524 2404 recens
548 2362 668 2403 umrns.
712 2342 924 2406 Monumenta
947 2342 1071 2426 priscae
1105 2384 1107 2388 ι

369 2443 511 2508 Consule
536 2445 679 2518 Romae3
760 2519 764 2525 ,
831 2433 837 2444 ’

196 2586 202 2592 ’
291 2583 418 2649 Crebra
441 2583 594 2647 famosam
617 2582 737 2645 faciunt
759 2585 919 2665 sepulcra.

289 2687 434 2751 Arduam
458 2697 556 2753 vento
580 2684 739 2769 quatiente
763 2688 896 2760 molem,

291 2790 396 2870 Quom
421 2798 560 2850 marcet
583 2788 670 2851 littus
693 2789 815 2854 Rhodii
836 2790 999 2872 replerent

375 2889 548 2974 Fragmina
571 2889 723 2964 monstri3

291 3029 376 3094 Solis
399 3028 429 3090 in
453 3049 521 3091 sese
543 3029 688 3092 recidens
712 3027 872 3093 Colossns

288 3132 432 3197 Advenis
455 3152 553 3213 aeque
576 3131 672 3193 iacuit
693 3134 885 3212 stupendus,
909 3144 913 3150 ’

288 3236 404 3302 Donec
425 3233 595 3315 impostum
620 3255 723 3318 grave
741 3234 837 3298 lnnns
859 3257 936 3299 ave·

374 3358 452 3398 xere
475 3334 597 3399 cameli.

290 3476 465 3540 Transieus
487 3475 559 3537 illac
582 3473 694 3558 aliquis
717 3476 842 3552 viator,
874 3499 876 3503 ¹

289 3578 418 3644 Dixerit
441 3577 505 3640 visa
530 3564 627 3660 digiti
642 3578 811 3641 columna:

288 3681 376 3760 „Hic
399 3679 596 3743 virercctus
618 3679 756 3743 feriebat
774 3693 860 3744 astra

279 3804 282 3809 '
375 3784 486 3850 Maior
509 3782 685 3864 Olympo.''

570 4005 793 4020 Μ
