2782 4762
93 369 203 453 Digna
225 369 325 444 serat,
349 367 489 453 quodsi
512 369 583 453 quis
606 367 742 432 inaniter
764 368 938 432 adiurarit!

158 473 221 533 Sed
242 470 313 556 quis
333 492 366 533 se
386 471 477 534 ferro
501 469 642 552 postulet
661 492 729 533 esse
751 471 886 553 parem?

94 572 155 634 llle
174 561 303 657 quoque
325 593 455 634 eversus
478 592 570 634 mous
589 583 652 646 est,
676 594 770 656 quem
792 571 962 635 maximum
984 571 1017 634 in
1037 570 1106 636 oris

157 673 337 756 Progenies
360 673 462 736 Thiae
482 673 568 735 clara
590 672 835 754 supervehitur:

94 775 201 854 Quom
225 774 318 837 Medi
340 775 492 856 pepulere
511 795 632 838 novom
654 795 741 837 mare
759 796 921 860 quomque
935 775 1083 839 iuventus
1162 776 1209 841 ,15

158 878 225 939 Ρει·
243 874 497 938 medium'classi
519 877 659 937 barbara
677 874 765 936 navit
785 876 911 939 Athon.

95 976 182 1056 Quid
207 975 326 1039 sacient
351 976 471 1050 crines,
496 997 592 1060 quom
616 976 707 1039 ferro
729 975 805 1038 talia
829 978 965 1040 cedant?

157 1077 322 1160 Iuppiter,
345 1089 379 1139 ut
402 1077 575 1155 Chalybdn
599 1098 691 1138 omne
713 1099 812 1160 genus
837 1091 949 1159 percat

95 1182 139 1245 Et
160 1179 213 1264 qui
237 1177 400 1261 principio
425 1180 482 1240 sub
502 1188 598 1252 terra·
613 1200 768 1261 quaerere
790 1201 886 1242 venas

157 1278 276 1343 Institit
298 1300 336 1340 ac
356 1279 437 1341 ferri
457 1279 609 1361 frangere
632 1279 798 1343 duritiem!

93 1380 274 1447 Abiunctae
296 1381 405 1461 paullo
428 1391 498 1442 ante
521 1401 631 1441 coiuae
654 1402 722 1442 mea
744 1380 810 1442 fata
831 1402 964 1446 sorores

156 1485 345 1565 Lugebant,
369 1502 468 1566 quom
490 1503 523 1544 se
549 1480 736 1544 Memnonis
761 1482 935 1566 Aethiopis

112 1710 147 1760 έα
157 1707 215 1760 atat
233 1705 366 1775 σκληρὰν
388 1705 444 1772 γῆν
468 1703 634 1770 οἰκοῦντες,
664 1704 787 1778 ἐργάται
805 1701 890 1771 ὄντες
907 1705 963 1759 τοῦ
980 1706 1113 1780 σιδήρου.
1148 1713 1210 1764 Κα-

93 1726 216 1829 leducat
232 1776 264 1826 di
282 1775 378 1838 οὕτως
397 1770 456 1826 ἀπὸ
469 1772 627 1839 Χάλυβος,
645 1777 713 1826 υἱοῦ
725 1772 832 1846 Ἄρεος.
867 1778 1023 1841 Μέμνηται
1034 1777 1090 1828 τοῦ
1102 1774 1210 1843 ἔθνους

93 1847 143 1896 καὶ
160 1844 367 1910 Καλλίμαχος·
396 1841 545 1904 Χαλύβων
569 1841 608 1907 ὠς
634 1841 777 1895 ἀπόλοιτο
795 1846 880 1910 γένος
898 1843 1013 1911 νειόθεν
1032 1843 1209 1899 ἀντέλλοντα

93 1911 246 1984 (σίδηρον)
264 1913 359 1979 κακὸν
376 1910 480 1975 φυτὸν·
492 1910 524 1961 οἳ
538 1929 590 1976 μιν
613 1907 743 1975 ἔφηναν,
773 1914 978 1960 Potitianiminde
998 1920 1127 1972 exsculpsit
1147 1917 1209 1963 Clua-

92 1985 185 2044 tylon,
206 1986 337 2041 quodcum
352 1985 421 2028 Aldd.
437 1985 508 2026 rosc.
526 1985 580 2027 Sili.
603 1985 707 2039 retinui;
735 1986 837 2028 maxime
854 1991 952 2039 propter
967 1986 1071 2029 vitruvii
1087 1984 1118 2040 4,
1139 1987 1162 2031 l.
1181 1989 1210 2032 in

92 2054 206 2099 Dorieon
224 2053 375 2097 ciuitatibus.
396 2058 419 2096 et
434 2057 563 2106 supersunt
579 2053 631 2096 eius
644 2053 735 2096 ferinae
751 2044 934 2109 vestigia‘etiam
948 2054 970 2096 in
986 2054 1061 2100 Godd.
1076 2055 1137 2109 Epp.
1155 2056 1208 2102 Cic.

94 2124 202 2168 Similem
217 2121 345 2166 flexionem
360 2122 420 2166 decl.
441 2123 559 2164 secundae
576 2120 652 2164 Godd.
664 2127 687 2165 et
698 2121 757 2164 Edd.
770 2127 826 2165 vett.
838 2127 970 2180 agnoscunt
981 2123 1052 2166 etiarn
1062 2124 1118 2167 Tib.
1128 2121 1152 2178 4,
1166 2123 1207 2170 61.

93 2189 246 2236 Cimmerion
263 2193 339 2234 etiam
360 2212 389 2222 ·-
411 2190 449 2233 ubi
468 2194 545 2232 tamen
565 2203 617 2232 cuin
637 2191 744 2233 Broulth.
764 2203 792 2233 ex
807 2188 820 2233 2
835 2190 910 2235 Godd.
930 2188 1120 2235 Cirntneriorum
1133 2195 1209 2237 etiam

95 2261 170 2306 edidit
182 2260 307 2313 flusehie,
328 2261 367 2317 qui
381 2260 436 2302 Tib.
452 2259 482 2300 T.
498 2259 517 2300 l.
532 2271 556 2312 p.
571 2256 630 2301 261.
645 2259 757 2313 proponit
769 2259 895 2315 Iuppiter,
911 2265 936 2302 ut
945 2269 1033 2315 pereat
1044 2274 1115 2304 omne
1127 2276 1209 2320 genae

93 2324 246 2386 Chalybum,
267 2343 348 2384 parum
371 2328 537 2382 probabiliter.
557 2324 711 2385 (Chalybum
725 2330 747 2370 in
769 2324 932 2371 inedioversu
944 2328 1052 2381 Lachin.)
1071 2332 1156 2374 Valet.
1170 2347 1209 2376 re-

94 2399 174 2453 cipere
187 2410 260 2440 ausus
273 2402 310 2441 est
320 2395 430 2441 Witholii
445 2397 507 2438 coni.
523 2394 679 2439 Telchinam.
701 2397 729 2439 de
745 2397 829 2452 quibus
845 2398 896 2441 vide
910 2411 932 2440 v.
948 2412 969 2440 c.
984 2398 1107 2441 Neumann
1120 2400 1209 2443 Rerum

96 2466 214 2511 Creticae.
228 2479 294 2519 spec.
309 2480 332 2520 p.
345 2463 387 2509 38.
403 2470 426 2510 et
438 2477 497 2520 quos
512 2464 544 2507 ibi
558 2466 645 2508 laudat.
666 2467 800 2521 „vagantes
819 2471 874 2508 suut
892 2466 1000 2509 homines
1019 2468 1145 2516 Sicuonem
1162 2470 1208 2512 Pe·

94 2535 219 2591 lopounesi
239 2536 382 2591 Cretamque
407 2533 578 2588 antiquissimis
603 2534 750 2587 ternporibus
772 2534 922 2590 habitantes;
950 2535 1043 2577 stabilia
1062 2541 1209 2589 postremum

95 2605 167 2657 lalysi
186 2604 209 2646 in
227 2604 312 2647 Rhodo
330 2604 406 2647 insula
426 2603 487 2645 nacti
507 2606 562 2644 sunt
580 2603 714 2657 domicilia;
744 2604 834 2656 primae
853 2603 972 2656 Apollinis
990 2609 1081 2648 statuae
1106 2603 1148 2660 (et
1166 2605 1208 2648 tri·
1292 2655 1294 2658 Α

96 2673 172 2717 deuiis
192 2672 314 2726 Neptunii.
328 2673 424 2716 cattun.
439 2672 468 2715 H.
484 2673 505 2713 in
519 2671 572 2716 Del.
584 2668 637 2724 30.)
656 2671 795 2714 ferebantur
814 2677 940 2715 auctores:
960 2673 1074 2716 scelerosi
1095 2678 1118 2716 et
1135 2676 1208 2728 male-

94 2741 134 2786 fiet
152 2741 317 2796 perhibentur.
337 2741 400 2784 cet.''
432 2740 526 2782 Withof
541 2745 668 2793 praeterea
684 2740 787 2783 laudavit
809 2741 870 2784 Stat.
894 2740 971 2783 Theb.
996 2739 1026 2792 2,
1047 2737 1106 2784 274.
1136 2741 1207 2786 Ouid.

95 2812 156 2855 Met.
172 2808 200 2863 7,
217 2806 276 2860 365.
300 2809 442 2863 (sicelicam
458 2811 522 2853 Scal.
549 2807 642 2851 celiam
660 2809 745 2861 Voss.)
799 2806 840 2853 50.
858 2805 987 2868 frangere
1005 2809 1082 2851 Godd.
1102 2811 1209 2867 plerique

95 2880 265 2924 illustratet.
288 2901 316 2910 —
330 2876 453 2936 fringere
467 2878 527 2920 Cod.
543 2878 566 2920 3.
587 2901 619 2910 ·-
644 2874 894 2935 (infringeresant.)
914 2899 944 2908 -
957 2876 1060 2939 fingere
1074 2878 1134 2921 Cod.
1152 2879 1209 2922 Am·

97 2949 163 2992 bros.
178 2947 208 2990 A.
225 2949 299 2991 voss.
319 2947 390 2990 Fosc.
447 2944 489 2990 51.
509 2945 630 3001 abruptae
643 2947 706 2990 Scal.
725 2948 811 2990 eCod.
837 2947 941 2999 Propter
958 2948 1012 2990 adv.
1029 2945 1117 3001 paullo
1135 2953 1206 3000 ante,

96 3018 159 3076 quod
177 3018 206 3058 acl
225 3030 317 3059 comam
336 3017 398 3061 inter
417 3017 495 3058 sideru
514 3018 628 3067 relatam,
658 3029 704 3057 non
728 3029 786 3058 vero
811 3017 838 3058 ad
857 3015 963 3070 reliquos
982 3011 1111 3059 Berenices
1130 3017 1208 3059 crines

48 3112 51 3117 -
96 3087 216 3130 referatur
236 3099 332 3129 necesse
352 3090 401 3136 est,
423 3086 581 3136 interpretare
601 3097 652 3126 enni
672 3083 782 3127 Dacieria
802 3090 825 3128 et
842 3084 944 3128 Vulch:
971 3097 1072 3127 sorores
1089 3084 1229 3144 lugebant.

96 3168 152 3198 mea
167 3150 230 3211 sala
252 3167 337 3196 comae
356 3154 445 3209 paullo
468 3158 525 3195 ante
544 3153 684 3195 abiunctae.
704 3151 772 3207 (casu
790 3150 917 3207 secundo.)
945 3155 999 3206 „sic
1017 3167 1072 3196 mea
1086 3155 1209 3211 pallentis

97 3223 226 3275 membra;
256 3236 326 3264 meaa
350 3223 458 3264 ruieerae
478 3221 600 3282 flammas
628 3227 651 3264 et
674 3222 762 3265 similia
785 3224 904 3265 dixerunt.
935 3237 957 3265 v.
981 3223 1063 3265 Heius.
1086 3225 1115 3265 ad
1137 3223 1206 3267 Ouid.

97 3292 155 3339 Her.
165 3287 195 3343 5,
211 3287 271 3335 15.”
282 3293 366 3334 Valelt.
406 3288 447 3334 52.
467 3289 609 3345 Memnonis
624 3291 759 3348 unigenam
773 3292 801 3333 ab
815 3292 949 3343 iuterprett.
963 3292 1024 3333 falso
1037 3291 1143 3335 habitum
1156 3296 1215 3336 esse‘

96 3374 140 3416 pro
152 3362 281 3414 Zephyro,
301 3360 409 3402 Aurorae
428 3373 482 3401 euin
499 3360 598 3415 reliquis
618 3361 693 3402 ventis
711 3358 761 3403 lilio
780 3359 889 3416 (Hesiod.
905 3361 997 3416 'l'beog.
1014 3357 1091 3412 378),
1112 3362 1209 3404 demon-

97 3431 182 3472 stravit
205 3431 282 3472 Menti
308 3430 367 3483 (Del
389 3428 486 3470 Cavallo
511 3430 574 3470 alato
598 3428 738 3482 cl'Arsinoe,
771 3431 854 3472 lettere
873 3426 1008 3485 filelogiclre
1027 3428 1048 3470 di
1069 3430 1099 3472 V.
1120 3430 1207 3472 Menti.

96 3495 286 3541 Mttunolssoli.
308 3496 345 3546 8.)
376 3500 485 3551 „Verum
513 3496 669 3554 significatum
696 3499 790 3551 aperire
817 3499 960 3540 Pausaniam
984 3497 1069 3543 Boeot.
1092 3494 1132 3539 31.
1158 3495 1210 3543 καὶ

96 3560 245 3634 Ἀρσινόης
261 3563 341 3614 ἐστὶν
360 3562 391 3612 ἐν
406 3559 543 3613 Ἑλικῶνι
566 3561 667 3619 εἰκών,
697 3561 734 3628 ἢν
751 3563 935 3628 Πτολεμαῖος
953 3557 1063 3627 ἔγημεν
1081 3558 1210 3624 ἁδελφὸς

97 3627 152 3682 ὤν’
176 3630 231 3698 τὴν
249 3632 280 3682 ot
300 3629 449 3701 Ἀρσινόην
473 3629 621 3701 στρουθὸς
643 3633 727 3702 φέρει
748 3631 843 3695 χαλκῆ
863 3634 920 3681 τῶν
938 3627 1083 3694 ἀπτήνων.
1119 3633 1208 3674 Eadem

97 3706 169 3762 igilur
187 3705 264 3746 lerina
283 3704 356 3746 fuisse
375 3705 502 3760 imaginem
520 3705 635 3746 Arsinoes
654 3717 675 3747 s.
694 3705 796 3746 Veneris
815 3703 983 3757 Zephyritidos
1002 3702 1025 3743 in
1045 3703 1210 3754 promontorio

99 3774 219 3826 Zephyrio
238 3786 352 3828 perquam
370 3773 483 3815 credibile
504 3785 572 3828 esse;
597 3773 742 3815 struthiones
761 3777 840 3813 autem
858 3771 1003 3814 Ptolemaeis
1019 3770 1091 3813 luisse
1108 3771 1130 3812 iu
1151 3770 1209 3812 deli-

98 3843 143 3886 eiis
161 3847 271 3885 constare
291 3855 319 3884 ex
338 3842 460 3885 Athenaeo
475 3840 503 3893 5,
525 3839 549 3883 8.
578 3840 635 3897 (ubi
660 3844 681 3884 in
707 3840 855 3893 Philadelphi
880 3853 964 3893 pompa
982 3838 1097 3880 Bacchica
1121 3852 1210 3881 memo·

98 3916 182 3954 rantur
202 3906 357 3978 στρουθῶν
376 3907 532 3976 συνωρίδες
550 3902 652 3968 ὀκτώ).
683 3910 846 3952 Struthionem
861 3909 934 3964 igilur
956 3921 1009 3950 esse
1030 3906 1143 3950 famulum
1163 3909 1209 3951 Ze·

99 3980 230 4034 phyritidos
240 3992 256 4035 ;Λ
267 3980 306 4033 (ut
319 3993 408 4034 aprum
418 3978 583 4036 Calydonium
594 3978 699 4031 Dianae,
715 3977 784 4022 Ouid.
797 3978 855 4020 Met.
870 3977 899 4030 8,
914 3973 973 4020 272.
993 3989 1091 4018 cervam
1104 3978 1210 4020 eiusdem

98 4050 162 4092 Deae
176 4049 220 4092 Sil.
238 4044 283 4100 13,
304 4045 362 4090 123.
382 4048 476 4091 leonem
488 4046 638 4091 Nemeaeum
657 4049 740 4089 idaeae
758 4047 841 4088 matris
859 4045 943 4088 Manil.
964 4041 993 4096 l,
1015 4041 1073 4088 760.
1100 4046 1210 4104 aquilam

99 4118 162 4161 lovis
176 4118 257 4179 lunen.
278 4113 323 4168 11,
345 4114 387 4159 81.
413 4122 552 4173 serpentem
570 4116 679 4160 Anchisia
697 4116 766 4171 virg.
784 4114 844 4157 Aen.
866 4113 895 4166 5,
917 4109 957 4160 95.
978 4114 1081 4170 itemque
1092 4113 1210 4158 Naiadum

98 4183 186 4239 siut,
207 4183 266 4229 288.
286 4199 427 4242 quamquam
442 4191 465 4229 et
483 4182 628 4242 Zephyrus,
654 4185 715 4242 quod
735 4183 852 4226 Montium
866 4182 940 4240 fugit,
968 4181 1090 4237 Cupidinis
1108 4184 1212 4227 fainnlus

98 4260 197 4300 vocatur
213 4256 302 4311 Appul.
317 4256 377 4300 luet.
392 4254 416 4300 5.
431 4269 455 4310 p.
473 4250 532 4299 330.
554 4253 629 4307 Oud.)
667 4253 749 4310 Neque
768 4253 863 4297 obstare
881 4257 977 4306 censet,
996 4253 1058 4308 quod
1076 4253 1178 4297 struthio
1196 4266 1211 4295 a
