<?xml version="1.0" encoding="UTF-8"?>
<!DOCTYPE html PUBLIC "-//W3C//DTD XHTML 1.0 Transitional//EN"
    "http://www.w3.org/TR/xhtml1/DTD/xhtml1-transitional.dtd">
<html xmlns="http://www.w3.org/1999/xhtml" xml:lang="en" lang="en">
 <head>
  <title>
</title>
<meta http-equiv="Content-Type" content="text/html;charset=utf-8" />
  <meta name='ocr-system' content='tesseract 3.04.00' />
  <meta name='ocr-capabilities' content='ocr_page ocr_carea ocr_par ocr_line ocrx_word'/>
</head>
<body>
  <div class='ocr_page' id='page_1' title='image "./eclogaepoetarum00orelgoog_0261.png"; bbox 0 0 2782 4762; ppageno 0'>
   <div class='ocr_carea' id='block_1_1' title="bbox 192 208 255 299">
    <p class='ocr_par' dir='ltr' id='par_1_1' title="bbox 192 208 255 299">
     <span class='ocr_line' id='line_1_1' title="bbox 192 208 255 299; baseline 0 -26"><span class='ocrx_word' id='word_1_1' title='bbox 192 208 255 299; x_wconf 79' lang='lat' dir='ltr'><strong>aaa</strong></span> 
     </span>
    </p>
   </div>
   <div class='ocr_carea' id='block_1_2' title="bbox 187 357 1190 2387">
    <p class='ocr_par' dir='ltr' id='par_1_2' title="bbox 191 357 1162 951">
     <span class='ocr_line' id='line_1_2' title="bbox 191 357 1162 444; baseline -0.006 -15"><span class='ocrx_word' id='word_1_2' title='bbox 191 369 325 430; x_wconf 89' lang='lat' dir='ltr'><strong>Laetum</strong></span> <span class='ocrx_word' id='word_1_3' title='bbox 348 362 542 444; x_wconf 80' lang='lat' dir='ltr'><strong>hilaremque</strong></span> <span class='ocrx_word' id='word_1_4' title='bbox 563 358 665 437; x_wconf 88' lang='lat' dir='ltr'><strong>diem,</strong></span> <span class='ocrx_word' id='word_1_5' title='bbox 690 379 730 422; x_wconf 90' lang='lat' dir='ltr'><strong>ne</strong></span> <span class='ocrx_word' id='word_1_6' title='bbox 751 377 884 443; x_wconf 83' lang='lat' dir='ltr'><strong>maguae</strong></span> <span class='ocrx_word' id='word_1_7' title='bbox 902 357 1019 442; x_wconf 76' lang='lat' dir='ltr'><strong>gaudia</strong></span> <span class='ocrx_word' id='word_1_8' title='bbox 1042 379 1162 427; x_wconf 82' lang='lat' dir='ltr'><strong>coenae</strong></span> 
     </span>
     <span class='ocr_line' id='line_1_3' title="bbox 193 461 1058 546; baseline -0.007 -15"><span class='ocrx_word' id='word_1_9' title='bbox 193 467 370 544; x_wconf 78' lang='lat' dir='ltr'>sentirent,</span> <span class='ocrx_word' id='word_1_10' title='bbox 393 462 505 546; x_wconf 88' lang='lat' dir='ltr'><strong>positis</strong></span> <span class='ocrx_word' id='word_1_11' title='bbox 528 465 568 525; x_wconf 88' lang='lat' dir='ltr'><strong>ad</strong></span> <span class='ocrx_word' id='word_1_12' title='bbox 588 462 712 543; x_wconf 84' lang='lat' dir='ltr'><strong>templa</strong></span> <span class='ocrx_word' id='word_1_13' title='bbox 729 473 760 525; x_wconf 89' lang='lat' dir='ltr'><strong>et</strong></span> <span class='ocrx_word' id='word_1_14' title='bbox 781 461 920 543; x_wconf 84' lang='lat' dir='ltr'><strong>compita</strong></span> <span class='ocrx_word' id='word_1_15' title='bbox 943 461 1058 525; x_wconf 77' lang='lat' dir='ltr'>mensis</span> 
     </span>
     <span class='ocr_line' id='line_1_4' title="bbox 192 562 1090 651; baseline -0.008 -17"><span class='ocrx_word' id='word_1_16' title='bbox 192 568 412 651; x_wconf 74' lang='lat' dir='ltr'><strong>Pervigili‘lue</strong></span> <span class='ocrx_word' id='word_1_17' title='bbox 434 566 528 639; x_wconf 83' lang='lat' dir='ltr'><strong>toro,</strong></span> <span class='ocrx_word' id='word_1_18' title='bbox 553 587 647 648; x_wconf 88' lang='lat' dir='ltr'><strong>quem</strong></span> <span class='ocrx_word' id='word_1_19' title='bbox 670 576 764 628; x_wconf 88' lang='lat' dir='ltr'><strong>nocte</strong></span> <span class='ocrx_word' id='word_1_20' title='bbox 785 585 824 627; x_wconf 91' lang='lat' dir='ltr'><strong>ae</strong></span> <span class='ocrx_word' id='word_1_21' title='bbox 846 565 915 628; x_wconf 90' lang='lat' dir='ltr'><strong>luee</strong></span> <span class='ocrx_word' id='word_1_22' title='bbox 937 562 1090 627; x_wconf 85' lang='lat' dir='ltr'><strong>iacentem</strong></span> 
     </span>
     <span class='ocr_line' id='line_1_5' title="bbox 192 665 1014 753; baseline -0.009 -17"><span class='ocrx_word' id='word_1_23' title='bbox 192 672 350 753; x_wconf 78' lang='lat' dir='ltr'>Septimus</span> <span class='ocrx_word' id='word_1_24' title='bbox 372 670 489 731; x_wconf 85' lang='lat' dir='ltr'><strong>interea</strong></span> <span class='ocrx_word' id='word_1_25' title='bbox 511 668 568 730; x_wconf 92' lang='lat' dir='ltr'><strong>Sol</strong></span> <span class='ocrx_word' id='word_1_26' title='bbox 590 667 723 731; x_wconf 87' lang='lat' dir='ltr'><strong>invenit.</strong></span> <span class='ocrx_word' id='word_1_27' title='bbox 767 665 912 730; x_wconf 88' lang='lat' dir='ltr'><strong>Horrida</strong></span> <span class='ocrx_word' id='word_1_28' title='bbox 938 687 1014 729; x_wconf 86' lang='lat' dir='ltr'><strong>saue</strong></span> 
     </span>
     <span class='ocr_line' id='line_1_6' title="bbox 191 767 1050 858; baseline -0.003 -22"><span class='ocrx_word' id='word_1_29' title='bbox 191 777 381 858; x_wconf 80' lang='lat' dir='ltr'>Aegyptus:</span> <span class='ocrx_word' id='word_1_30' title='bbox 405 772 459 832; x_wconf 86' lang='lat' dir='ltr'><strong>sed</strong></span> <span class='ocrx_word' id='word_1_31' title='bbox 482 768 628 842; x_wconf 79' lang='lat' dir='ltr'><strong>luxuria,</strong></span> <span class='ocrx_word' id='word_1_32' title='bbox 653 781 811 851; x_wconf 88' lang='lat' dir='ltr'><strong>quantum.</strong></span> <span class='ocrx_word' id='word_1_33' title='bbox 825 768 895 850; x_wconf 86' lang='lat' dir='ltr'><strong>ipse</strong></span> <span class='ocrx_word' id='word_1_34' title='bbox 918 767 1050 846; x_wconf 86' lang='lat' dir='ltr'><strong>notavi,</strong></span> 
     </span>
     <span class='ocr_line' id='line_1_7' title="bbox 191 870 969 951; baseline -0.01 -10"><span class='ocrx_word' id='word_1_35' title='bbox 191 879 334 941; x_wconf 79' lang='lat' dir='ltr'>Barbara</span> <span class='ocrx_word' id='word_1_36' title='bbox 357 874 481 937; x_wconf 85' lang='lat' dir='ltr'><strong>lauroso</strong></span> <span class='ocrx_word' id='word_1_37' title='bbox 504 893 568 934; x_wconf 91' lang='lat' dir='ltr'><strong>nou</strong></span> <span class='ocrx_word' id='word_1_38' title='bbox 590 871 674 933; x_wconf 80' lang='lat' dir='ltr'><strong>cedit</strong></span> <span class='ocrx_word' id='word_1_39' title='bbox 695 873 789 934; x_wconf 87' lang='lat' dir='ltr'><strong>turba</strong></span> <span class='ocrx_word' id='word_1_40' title='bbox 817 870 969 951; x_wconf 81' lang='lat' dir='ltr'><strong>Canopo.</strong></span> 
     </span>
    </p>

    <p class='ocr_par' dir='ltr' id='par_1_3' title="bbox 191 971 998 1060">
     <span class='ocr_line' id='line_1_8' title="bbox 191 971 998 1060; baseline -0.011 -17"><span class='ocrx_word' id='word_1_41' title='bbox 191 979 285 1043; x_wconf 83' lang='lat' dir='ltr'><strong>Adde</strong></span> <span class='ocrx_word' id='word_1_42' title='bbox 308 979 395 1060; x_wconf 92' lang='lat' dir='ltr'><strong>quod</strong></span> <span class='ocrx_word' id='word_1_43' title='bbox 418 973 571 1038; x_wconf 74' lang='lat' dir='ltr'><strong>etfacilis</strong></span> <span class='ocrx_word' id='word_1_44' title='bbox 596 973 729 1036; x_wconf 90' lang='lat' dir='ltr'><strong>victoria</strong></span> <span class='ocrx_word' id='word_1_45' title='bbox 753 976 791 1037; x_wconf 90' lang='lat' dir='ltr'><strong>de</strong></span> <span class='ocrx_word' id='word_1_46' title='bbox 814 971 944 1035; x_wconf 83' lang='lat' dir='ltr'>madidis</span> <span class='ocrx_word' id='word_1_47' title='bbox 965 982 998 1034; x_wconf 91' lang='lat' dir='ltr'><strong>et</strong></span> 
     </span>
    </p>

    <p class='ocr_par' dir='ltr' id='par_1_4' title="bbox 191 1074 1076 1263">
     <span class='ocr_line' id='line_1_9' title="bbox 191 1074 1076 1162; baseline -0.007 -19"><span class='ocrx_word' id='word_1_48' title='bbox 191 1079 315 1144; x_wconf 76' lang='lat' dir='ltr'>Blaesis</span> <span class='ocrx_word' id='word_1_49' title='bbox 338 1089 433 1162; x_wconf 84' lang='lat' dir='ltr'><strong>atque</strong></span> <span class='ocrx_word' id='word_1_50' title='bbox 455 1097 544 1140; x_wconf 88' lang='lat' dir='ltr'><strong>mero</strong></span> <span class='ocrx_word' id='word_1_51' title='bbox 567 1075 786 1138; x_wconf 69' lang='lat' dir='ltr'><strong>titubantibus.</strong></span> <span class='ocrx_word' id='word_1_52' title='bbox 829 1076 909 1139; x_wconf 89' lang='lat' dir='ltr'><strong>Inde</strong></span> <span class='ocrx_word' id='word_1_53' title='bbox 931 1074 1076 1139; x_wconf 88' lang='lat' dir='ltr'><strong>virorum</strong></span> 
     </span>
     <span class='ocr_line' id='line_1_10' title="bbox 191 1177 873 1263; baseline -0.01 -16"><span class='ocrx_word' id='word_1_54' title='bbox 191 1184 329 1247; x_wconf 88' lang='lat' dir='ltr'><strong>Saltatns</strong></span> <span class='ocrx_word' id='word_1_55' title='bbox 353 1179 447 1263; x_wconf 87' lang='lat' dir='ltr'><strong>nigro</strong></span> <span class='ocrx_word' id='word_1_56' title='bbox 471 1179 617 1251; x_wconf 81' lang='lat' dir='ltr'><strong>tibicine,</strong></span> <span class='ocrx_word' id='word_1_57' title='bbox 642 1177 873 1262; x_wconf 81' lang='lat' dir='ltr'><strong>qrraliaeunqne</strong></span> 
     </span>
    </p>

    <p class='ocr_par' dir='ltr' id='par_1_5' title="bbox 189 1278 1190 1569">
     <span class='ocr_line' id='line_1_11' title="bbox 190 1278 1190 1368; baseline -0.006 -20"><span class='ocrx_word' id='word_1_58' title='bbox 190 1286 359 1368; x_wconf 82' lang='lat' dir='ltr'><strong>Unguenta</strong></span> <span class='ocrx_word' id='word_1_59' title='bbox 384 1293 415 1343; x_wconf 93' lang='lat' dir='ltr'><strong>et</strong></span> <span class='ocrx_word' id='word_1_60' title='bbox 436 1281 535 1345; x_wconf 85' lang='lat' dir='ltr'><strong>dores</strong></span> <span class='ocrx_word' id='word_1_61' title='bbox 558 1281 735 1363; x_wconf 79' lang='lat' dir='ltr'><strong>multaeque</strong></span> <span class='ocrx_word' id='word_1_62' title='bbox 757 1278 789 1341; x_wconf 88' lang='lat' dir='ltr'><strong>in</strong></span> <span class='ocrx_word' id='word_1_63' title='bbox 810 1280 917 1343; x_wconf 79' lang='lat' dir='ltr'><strong>fronte</strong></span> <span class='ocrx_word' id='word_1_64' title='bbox 940 1301 1102 1356; x_wconf 85' lang='lat' dir='ltr'><strong>eoronac;</strong></span> <span class='ocrx_word' id='word_1_65' title='bbox 1182 1296 1190 1316; x_wconf 62' lang='lat' dir='ltr'><em>s</em></span> 
     </span>
     <span class='ocr_line' id='line_1_12' title="bbox 189 1379 1074 1465; baseline -0.007 -15"><span class='ocrx_word' id='word_1_66' title='bbox 189 1387 276 1450; x_wconf 87' lang='lat' dir='ltr'><strong>Hinc</strong></span> <span class='ocrx_word' id='word_1_67' title='bbox 297 1383 434 1447; x_wconf 89' lang='lat' dir='ltr'><strong>ieiunum</strong></span> <span class='ocrx_word' id='word_1_68' title='bbox 458 1382 579 1447; x_wconf 87' lang='lat' dir='ltr'><strong>odium.</strong></span> <span class='ocrx_word' id='word_1_69' title='bbox 622 1383 686 1444; x_wconf 88' lang='lat' dir='ltr'><strong>Sed</strong></span> <span class='ocrx_word' id='word_1_70' title='bbox 708 1379 812 1465; x_wconf 84' lang='lat' dir='ltr'><strong>iurgia</strong></span> <span class='ocrx_word' id='word_1_71' title='bbox 834 1383 935 1464; x_wconf 85' lang='lat' dir='ltr'><strong>prima</strong></span> <span class='ocrx_word' id='word_1_72' title='bbox 958 1403 1074 1446; x_wconf 86' lang='lat' dir='ltr'><strong>souare</strong></span> 
     </span>
     <span class='ocr_line' id='line_1_13' title="bbox 189 1482 1031 1569; baseline -0.004 -17"><span class='ocrx_word' id='word_1_73' title='bbox 189 1485 352 1569; x_wconf 83' lang='lat' dir='ltr'><strong>Incipiunt</strong></span> <span class='ocrx_word' id='word_1_74' title='bbox 374 1483 483 1548; x_wconf 87' lang='lat' dir='ltr'><strong>animis</strong></span> <span class='ocrx_word' id='word_1_75' title='bbox 505 1482 706 1557; x_wconf 83' lang='lat' dir='ltr'><strong>ardentibus3</strong></span> <span class='ocrx_word' id='word_1_76' title='bbox 730 1487 809 1546; x_wconf 91' lang='lat' dir='ltr'><strong>haec</strong></span> <span class='ocrx_word' id='word_1_77' title='bbox 830 1487 906 1547; x_wconf 88' lang='lat' dir='ltr'><strong>tuba</strong></span> <span class='ocrx_word' id='word_1_78' title='bbox 927 1483 1031 1548; x_wconf 83' lang='lat' dir='ltr'><strong>rixae.</strong></span> 
     </span>
    </p>

    <p class='ocr_par' dir='ltr' id='par_1_6' title="bbox 188 1585 977 1668">
     <span class='ocr_line' id='line_1_14' title="bbox 188 1585 977 1668; baseline -0.006 -13"><span class='ocrx_word' id='word_1_79' title='bbox 188 1591 273 1656; x_wconf 86' lang='lat' dir='ltr'><strong>Dein</strong></span> <span class='ocrx_word' id='word_1_80' title='bbox 296 1590 435 1651; x_wconf 82' lang='lat' dir='ltr'><strong>clamore</strong></span> <span class='ocrx_word' id='word_1_81' title='bbox 457 1585 527 1668; x_wconf 89' lang='lat' dir='ltr'><strong>pari</strong></span> <span class='ocrx_word' id='word_1_82' title='bbox 549 1586 753 1668; x_wconf 82' lang='lat' dir='ltr'><strong>conerrrritur</strong></span> <span class='ocrx_word' id='word_1_83' title='bbox 776 1599 807 1651; x_wconf 88' lang='lat' dir='ltr'><strong>et</strong></span> <span class='ocrx_word' id='word_1_84' title='bbox 830 1587 901 1650; x_wconf 87' lang='lat' dir='ltr'><strong>viee</strong></span> <span class='ocrx_word' id='word_1_85' title='bbox 922 1587 977 1653; x_wconf 89' lang='lat' dir='ltr'><strong>teli</strong></span> 
     </span>
    </p>

    <p class='ocr_par' dir='ltr' id='par_1_7' title="bbox 187 1688 1150 2078">
     <span class='ocr_line' id='line_1_15' title="bbox 191 1688 1085 1770; baseline -0.001 -15"><span class='ocrx_word' id='word_1_86' title='bbox 191 1689 300 1755; x_wconf 88' lang='lat' dir='ltr'><strong>Saevit</strong></span> <span class='ocrx_word' id='word_1_87' title='bbox 321 1693 403 1752; x_wconf 81' lang='lat' dir='ltr'><strong>nrrda</strong></span> <span class='ocrx_word' id='word_1_88' title='bbox 426 1710 554 1751; x_wconf 80' lang='lat' dir='ltr'><strong>mauris:</strong></span> <span class='ocrx_word' id='word_1_89' title='bbox 577 1710 696 1770; x_wconf 85' lang='lat' dir='ltr'><strong>parrcae</strong></span> <span class='ocrx_word' id='word_1_90' title='bbox 719 1688 787 1752; x_wconf 83' lang='lat' dir='ltr'><strong>eine</strong></span> <span class='ocrx_word' id='word_1_91' title='bbox 810 1692 943 1754; x_wconf 87' lang='lat' dir='ltr'><strong>volnere</strong></span> <span class='ocrx_word' id='word_1_92' title='bbox 965 1690 1085 1766; x_wconf 77' lang='lat' dir='ltr'><strong>malae3</strong></span> 
     </span>
     <span class='ocr_line' id='line_1_16' title="bbox 188 1790 1006 1877; baseline -0.005 -18"><span class='ocrx_word' id='word_1_93' title='bbox 188 1794 259 1859; x_wconf 88' lang='lat' dir='ltr'><strong>Vix</strong></span> <span class='ocrx_word' id='word_1_94' title='bbox 280 1793 426 1877; x_wconf 89' lang='lat' dir='ltr'><strong>cuiqnam</strong></span> <span class='ocrx_word' id='word_1_95' title='bbox 450 1802 501 1854; x_wconf 88' lang='lat' dir='ltr'><strong>aut</strong></span> <span class='ocrx_word' id='word_1_96' title='bbox 526 1790 603 1853; x_wconf 91' lang='lat' dir='ltr'><strong>nulli</strong></span> <span class='ocrx_word' id='word_1_97' title='bbox 625 1802 695 1855; x_wconf 91' lang='lat' dir='ltr'><strong>toto</strong></span> <span class='ocrx_word' id='word_1_98' title='bbox 718 1791 889 1855; x_wconf 83' lang='lat' dir='ltr'><strong>certamine</strong></span> <span class='ocrx_word' id='word_1_99' title='bbox 912 1814 1006 1855; x_wconf 85' lang='lat' dir='ltr'><strong>nasus</strong></span> 
     </span>
     <span class='ocr_line' id='line_1_17' title="bbox 188 1893 1150 1980; baseline 0.001 -21"><span class='ocrx_word' id='word_1_100' title='bbox 188 1897 335 1980; x_wconf 75' lang='lat' dir='ltr'><strong>integer.</strong></span> <span class='ocrx_word' id='word_1_101' title='bbox 380 1895 574 1975; x_wconf 80' lang='lat' dir='ltr'><strong>Adspicercs</strong></span> <span class='ocrx_word' id='word_1_102' title='bbox 596 1893 656 1956; x_wconf 86' lang='lat' dir='ltr'><strong>iarn</strong></span> <span class='ocrx_word' id='word_1_103' title='bbox 678 1906 789 1956; x_wconf 89' lang='lat' dir='ltr'><strong>cuncta</strong></span> <span class='ocrx_word' id='word_1_104' title='bbox 813 1916 872 1976; x_wconf 88' lang='lat' dir='ltr'><strong>per</strong></span> <span class='ocrx_word' id='word_1_105' title='bbox 894 1895 1020 1978; x_wconf 85' lang='lat' dir='ltr'><strong>agmina</strong></span> <span class='ocrx_word' id='word_1_106' title='bbox 1042 1895 1150 1960; x_wconf 84' lang='lat' dir='ltr'><strong>voltus</strong></span> 
     </span>
     <span class='ocr_line' id='line_1_18' title="bbox 187 1995 906 2078; baseline -0.007 -14"><span class='ocrx_word' id='word_1_107' title='bbox 187 1997 364 2072; x_wconf 81' lang='lat' dir='ltr'><strong>Dimidios,</strong></span> <span class='ocrx_word' id='word_1_108' title='bbox 388 1997 465 2060; x_wconf 84' lang='lat' dir='ltr'><strong>alias</strong></span> <span class='ocrx_word' id='word_1_109' title='bbox 488 1997 585 2060; x_wconf 80' lang='lat' dir='ltr'><strong>facies</strong></span> <span class='ocrx_word' id='word_1_110' title='bbox 608 2007 639 2058; x_wconf 88' lang='lat' dir='ltr'><strong>et</strong></span> <span class='ocrx_word' id='word_1_111' title='bbox 662 1995 778 2061; x_wconf 81' lang='lat' dir='ltr'><strong>hiantia</strong></span> <span class='ocrx_word' id='word_1_112' title='bbox 802 1997 906 2078; x_wconf 89' lang='lat' dir='ltr'><strong>ruptis</strong></span> 
     </span>
    </p>

    <p class='ocr_par' dir='ltr' id='par_1_8' title="bbox 188 2098 1151 2283">
     <span class='ocr_line' id='line_1_19' title="bbox 189 2098 1151 2184; baseline -0.002 -19"><span class='ocrx_word' id='word_1_113' title='bbox 189 2105 272 2166; x_wconf 87' lang='lat' dir='ltr'><strong>Ossa</strong></span> <span class='ocrx_word' id='word_1_114' title='bbox 297 2099 405 2183; x_wconf 85' lang='lat' dir='ltr'><strong>genis,</strong></span> <span class='ocrx_word' id='word_1_115' title='bbox 431 2100 543 2182; x_wconf 83' lang='lat' dir='ltr'><strong>plenos</strong></span> <span class='ocrx_word' id='word_1_116' title='bbox 567 2098 733 2162; x_wconf 85' lang='lat' dir='ltr'><strong>oculorum</strong></span> <span class='ocrx_word' id='word_1_117' title='bbox 756 2099 908 2183; x_wconf 86' lang='lat' dir='ltr'><strong>sanguiue</strong></span> <span class='ocrx_word' id='word_1_118' title='bbox 930 2120 1071 2184; x_wconf 72' lang='lat' dir='ltr'><strong>pugnoe.</strong></span> <span class='ocrx_word' id='word_1_119' title='bbox 1148 2142 1151 2146; x_wconf 92' lang='lat'>-</span> 
     </span>
     <span class='ocr_line' id='line_1_20' title="bbox 188 2201 955 2283; baseline -0.003 -17"><span class='ocrx_word' id='word_1_120' title='bbox 188 2205 320 2266; x_wconf 91' lang='lat' dir='ltr'><strong>Ludere</strong></span> <span class='ocrx_word' id='word_1_121' title='bbox 342 2224 377 2265; x_wconf 87' lang='lat' dir='ltr'><strong>se</strong></span> <span class='ocrx_word' id='word_1_122' title='bbox 398 2204 531 2264; x_wconf 88' lang='lat' dir='ltr'><strong>creduut</strong></span> <span class='ocrx_word' id='word_1_123' title='bbox 552 2201 613 2283; x_wconf 85' lang='lat' dir='ltr'><strong>ipsi</strong></span> <span class='ocrx_word' id='word_1_124' title='bbox 636 2213 740 2263; x_wconf 90' lang='lat' dir='ltr'><strong>tamen</strong></span> <span class='ocrx_word' id='word_1_125' title='bbox 764 2212 795 2264; x_wconf 89' lang='lat' dir='ltr'><strong>et</strong></span> <span class='ocrx_word' id='word_1_126' title='bbox 816 2202 955 2282; x_wconf 87' lang='lat' dir='ltr'><strong>pueriles</strong></span> 
     </span>
    </p>

    <p class='ocr_par' dir='ltr' id='par_1_9' title="bbox 189 2303 1036 2387">
     <span class='ocr_line' id='line_1_21' title="bbox 189 2303 1036 2387; baseline 0 -20"><span class='ocrx_word' id='word_1_127' title='bbox 189 2307 355 2368; x_wconf 82' lang='lat' dir='ltr'><strong>Exercere</strong></span> <span class='ocrx_word' id='word_1_128' title='bbox 377 2303 479 2378; x_wconf 83' lang='lat' dir='ltr'><strong>acics,</strong></span> <span class='ocrx_word' id='word_1_129' title='bbox 504 2306 593 2387; x_wconf 81' lang='lat' dir='ltr'><strong>qrrod</strong></span> <span class='ocrx_word' id='word_1_130' title='bbox 614 2303 698 2366; x_wconf 85' lang='lat' dir='ltr'><strong>urrlla</strong></span> <span class='ocrx_word' id='word_1_131' title='bbox 722 2305 877 2366; x_wconf 85' lang='lat' dir='ltr'><strong>cadavera</strong></span> <span class='ocrx_word' id='word_1_132' title='bbox 899 2304 1036 2368; x_wconf 89' lang='lat' dir='ltr'><strong>calcent.</strong></span> 
     </span>
    </p>
   </div>
   <div class='ocr_carea' id='block_1_3' title="bbox 189 2404 1063 2799">
    <p class='ocr_par' dir='ltr' id='par_1_10' title="bbox 189 2404 900 2490">
     <span class='ocr_line' id='line_1_22' title="bbox 189 2404 900 2490; baseline -0.001 -20"><span class='ocrx_word' id='word_1_133' title='bbox 189 2409 232 2470; x_wconf 87' lang='lat' dir='ltr'><strong>Et</strong></span> <span class='ocrx_word' id='word_1_134' title='bbox 254 2428 329 2469; x_wconf 82' lang='lat' dir='ltr'><strong>sane</strong></span> <span class='ocrx_word' id='word_1_135' title='bbox 352 2427 417 2490; x_wconf 81' lang='lat' dir='ltr'><strong>qrro</strong></span> <span class='ocrx_word' id='word_1_136' title='bbox 440 2417 488 2469; x_wconf 87' lang='lat' dir='ltr'><strong>tot</strong></span> <span class='ocrx_word' id='word_1_137' title='bbox 511 2404 642 2467; x_wconf 83' lang='lat' dir='ltr'><strong>rixantis</strong></span> <span class='ocrx_word' id='word_1_138' title='bbox 665 2405 747 2467; x_wconf 89' lang='lat' dir='ltr'><strong>milia</strong></span> <span class='ocrx_word' id='word_1_139' title='bbox 771 2409 900 2482; x_wconf 84' lang='lat' dir='ltr'><strong>turbae,</strong></span> 
     </span>
    </p>

    <p class='ocr_par' dir='ltr' id='par_1_11' title="bbox 189 2507 1063 2799">
     <span class='ocr_line' id='line_1_23' title="bbox 190 2507 1063 2592; baseline 0.001 -20"><span class='ocrx_word' id='word_1_140' title='bbox 190 2507 227 2572; x_wconf 89' lang='lat' dir='ltr'><strong>Si</strong></span> <span class='ocrx_word' id='word_1_141' title='bbox 251 2509 360 2572; x_wconf 87' lang='lat' dir='ltr'><strong>vivunt</strong></span> <span class='ocrx_word' id='word_1_142' title='bbox 383 2507 521 2571; x_wconf 69' lang='lat' dir='ltr'><strong>omines?</strong></span> <span class='ocrx_word' id='word_1_143' title='bbox 545 2509 639 2592; x_wconf 81' lang='lat' dir='ltr'><strong>Ergo</strong></span> <span class='ocrx_word' id='word_1_144' title='bbox 662 2507 768 2570; x_wconf 86' lang='lat' dir='ltr'><strong>acrior</strong></span> <span class='ocrx_word' id='word_1_145' title='bbox 790 2509 926 2590; x_wconf 88' lang='lat' dir='ltr'><strong>impetus</strong></span> <span class='ocrx_word' id='word_1_146' title='bbox 949 2522 980 2573; x_wconf 87' lang='lat' dir='ltr'><strong>et</strong></span> <span class='ocrx_word' id='word_1_147' title='bbox 1001 2509 1063 2572; x_wconf 88' lang='lat' dir='ltr'><strong>ianr</strong></span> 
     </span>
     <span class='ocr_line' id='line_1_24' title="bbox 189 2610 996 2691; baseline 0 -17"><span class='ocrx_word' id='word_1_148' title='bbox 189 2613 273 2674; x_wconf 82' lang='lat' dir='ltr'><strong>Saxa</strong></span> <span class='ocrx_word' id='word_1_149' title='bbox 296 2610 451 2673; x_wconf 86' lang='lat' dir='ltr'><strong>inclinatis</strong></span> <span class='ocrx_word' id='word_1_150' title='bbox 473 2631 533 2691; x_wconf 88' lang='lat' dir='ltr'><strong>per</strong></span> <span class='ocrx_word' id='word_1_151' title='bbox 554 2611 682 2672; x_wconf 88' lang='lat' dir='ltr'><strong>bumrun</strong></span> <span class='ocrx_word' id='word_1_152' title='bbox 706 2611 847 2691; x_wconf 82' lang='lat' dir='ltr'><strong>quaesita</strong></span> <span class='ocrx_word' id='word_1_153' title='bbox 870 2611 996 2674; x_wconf 86' lang='lat' dir='ltr'><strong>lacertis</strong></span> 
     </span>
     <span class='ocr_line' id='line_1_25' title="bbox 189 2713 916 2799; baseline 0.003 -23"><span class='ocrx_word' id='word_1_154' title='bbox 189 2713 347 2799; x_wconf 16' lang='lat' dir='ltr'><strong>¹&#39;Incipiunt</strong></span> <span class='ocrx_word' id='word_1_155' title='bbox 368 2723 540 2796; x_wconf 85' lang='lat' dir='ltr'><strong>torquere,</strong></span> <span class='ocrx_word' id='word_1_156' title='bbox 566 2714 737 2775; x_wconf 88' lang='lat' dir='ltr'><strong>domestica</strong></span> <span class='ocrx_word' id='word_1_157' title='bbox 759 2713 916 2778; x_wconf 87' lang='lat' dir='ltr'><strong>seditione</strong></span> 
     </span>
    </p>
   </div>
   <div class='ocr_carea' id='block_1_4' title="bbox 155 2893 1312 4340">
    <p class='ocr_par' dir='ltr' id='par_1_12' title="bbox 155 2893 1308 2957">
     <span class='ocr_line' id='line_1_26' title="bbox 155 2893 1308 2957; baseline 0.003 -16"><span class='ocrx_word' id='word_1_158' title='bbox 155 2954 157 2957; x_wconf 22' lang='grc' dir='ltr'>Ι</span> <span class='ocrx_word' id='word_1_159' title='bbox 258 2893 301 2942; x_wconf 74' lang='lat' dir='ltr'><strong>id.</strong></span> <span class='ocrx_word' id='word_1_160' title='bbox 321 2895 379 2955; x_wconf 84' lang='lat' dir='ltr'><strong>(pun</strong></span> <span class='ocrx_word' id='word_1_161' title='bbox 397 2909 423 2944; x_wconf 84' lang='lat' dir='ltr'><strong>n.</strong></span> <span class='ocrx_word' id='word_1_162' title='bbox 445 2909 485 2939; x_wconf 83' lang='lat' dir='ltr'><strong>ne.</strong></span> <span class='ocrx_word' id='word_1_163' title='bbox 504 2895 524 2939; x_wconf 88' lang='lat' dir='ltr'><strong>l.</strong></span> <span class='ocrx_word' id='word_1_164' title='bbox 543 2895 655 2940; x_wconf 80' lang='lat' dir='ltr'><strong>iacentes</strong></span> <span class='ocrx_word' id='word_1_165' title='bbox 673 2896 734 2952; x_wconf 82' lang='lat' dir='ltr'><strong>ltup.</strong></span> <span class='ocrx_word' id='word_1_166' title='bbox 759 2894 837 2953; x_wconf 85' lang='lat' dir='ltr'><strong>coni.)</strong></span> <span class='ocrx_word' id='word_1_167' title='bbox 883 2893 924 2942; x_wconf 79' lang='lat' dir='ltr'><strong>ii.</strong></span> <span class='ocrx_word' id='word_1_168' title='bbox 944 2897 1058 2953; x_wconf 82' lang='lat' dir='ltr'><strong>intereo,</strong></span> <span class='ocrx_word' id='word_1_169' title='bbox 1078 2900 1134 2943; x_wconf 89' lang='lat' dir='ltr'><strong>dum</strong></span> <span class='ocrx_word' id='word_1_170' title='bbox 1156 2899 1232 2945; x_wconf 80' lang='lat' dir='ltr'><strong>leriae</strong></span> <span class='ocrx_word' id='word_1_171' title='bbox 1251 2900 1308 2946; x_wconf 78' lang='lat' dir='ltr'><strong>illae</strong></span> 
     </span>
    </p>

    <p class='ocr_par' dir='ltr' id='par_1_13' title="bbox 188 2964 1312 4340">
     <span class='ocr_line' id='line_1_27' title="bbox 189 2964 1309 3025; baseline 0.003 -15"><span class='ocrx_word' id='word_1_172' title='bbox 189 2966 351 3011; x_wconf 83' lang='lat' dir='ltr'><strong>celebrantur.</strong></span> <span class='ocrx_word' id='word_1_173' title='bbox 388 2966 428 3010; x_wconf 82' lang='lat' dir='ltr'><strong>Sic</strong></span> <span class='ocrx_word' id='word_1_174' title='bbox 442 2964 579 3013; x_wconf 76' lang='lat' dir='ltr'><strong>BcDEFG.</strong></span> <span class='ocrx_word' id='word_1_175' title='bbox 596 2967 735 3010; x_wconf 73' lang='lat' dir='ltr'><strong>Acbuiutre.</strong></span> <span class='ocrx_word' id='word_1_176' title='bbox 749 2966 875 3010; x_wconf 81' lang='lat' dir='ltr'><strong>interdum</strong></span> <span class='ocrx_word' id='word_1_177' title='bbox 891 2967 920 3011; x_wconf 79' lang='grc' dir='ltr'><strong>Α.</strong></span> <span class='ocrx_word' id='word_1_178' title='bbox 937 2964 979 3024; x_wconf 79' lang='lat' dir='ltr'><strong>(ex</strong></span> <span class='ocrx_word' id='word_1_179' title='bbox 996 2971 1164 3025; x_wconf 85' lang='lat' dir='ltr'><strong>correctione;</strong></span> <span class='ocrx_word' id='word_1_180' title='bbox 1184 2971 1250 3024; x_wconf 77' lang='lat' dir='ltr'><strong>prins</strong></span> <span class='ocrx_word' id='word_1_181' title='bbox 1266 2970 1309 3013; x_wconf 80' lang='lat' dir='ltr'><strong>bs·</strong></span> 
     </span>
     <span class='ocr_line' id='line_1_28' title="bbox 189 3035 1311 3094; baseline 0.003 -14"><span class='ocrx_word' id='word_1_182' title='bbox 189 3035 274 3080; x_wconf 75' lang='lat' dir='ltr'><strong>lauerat</strong></span> <span class='ocrx_word' id='word_1_183' title='bbox 292 3036 342 3090; x_wconf 79' lang='lat' dir='ltr'><strong>ipse</strong></span> <span class='ocrx_word' id='word_1_184' title='bbox 358 3048 451 3091; x_wconf 81' lang='lat' dir='ltr'><strong>quoque</strong></span> <span class='ocrx_word' id='word_1_185' title='bbox 467 3035 574 3078; x_wconf 74' lang='lat' dir='ltr'><strong>intereo.</strong></span> <span class='ocrx_word' id='word_1_186' title='bbox 594 3035 688 3090; x_wconf 77' lang='lat' dir='ltr'><strong>schol.)</strong></span> <span class='ocrx_word' id='word_1_187' title='bbox 707 3035 768 3090; x_wconf 82' lang='lat' dir='ltr'><strong>ltup.</strong></span> <span class='ocrx_word' id='word_1_188' title='bbox 789 3037 863 3080; x_wconf 77' lang='lat' dir='ltr'><strong>Web.</strong></span> <span class='ocrx_word' id='word_1_189' title='bbox 883 3037 964 3080; x_wconf 86' lang='lat' dir='ltr'><strong>Minas</strong></span> <span class='ocrx_word' id='word_1_190' title='bbox 983 3042 1060 3082; x_wconf 83' lang='lat' dir='ltr'><strong>tamen</strong></span> <span class='ocrx_word' id='word_1_191' title='bbox 1073 3043 1127 3094; x_wconf 84' lang='lat' dir='ltr'><strong>apta</strong></span> <span class='ocrx_word' id='word_1_192' title='bbox 1145 3039 1238 3082; x_wconf 84' lang='lat' dir='ltr'><strong>ridetur</strong></span> <span class='ocrx_word' id='word_1_193' title='bbox 1250 3038 1311 3084; x_wconf 81' lang='lat' dir='ltr'><strong>haee</strong></span> 
     </span>
     <span class='ocr_line' id='line_1_29' title="bbox 189 3102 1309 3162; baseline 0.004 -14"><span class='ocrx_word' id='word_1_194' title='bbox 189 3107 256 3162; x_wconf 85' lang='lat' dir='ltr'><strong>qrrasi</strong></span> <span class='ocrx_word' id='word_1_195' title='bbox 275 3104 391 3148; x_wconf 85' lang='lat' dir='ltr'><strong>dubitatio</strong></span> <span class='ocrx_word' id='word_1_196' title='bbox 411 3106 439 3147; x_wconf 87' lang='lat' dir='ltr'><strong>de</strong></span> <span class='ocrx_word' id='word_1_197' title='bbox 457 3105 534 3146; x_wconf 82' lang='lat' dir='ltr'><strong>sarria</strong></span> <span class='ocrx_word' id='word_1_198' title='bbox 553 3106 632 3148; x_wconf 84' lang='lat' dir='ltr'><strong>statis.</strong></span> <span class='ocrx_word' id='word_1_199' title='bbox 654 3126 683 3136; x_wconf 94' lang='lat'>-</span> <span class='ocrx_word' id='word_1_200' title='bbox 703 3102 816 3148; x_wconf 79' lang='lat' dir='ltr'><strong>Horrida</strong></span> <span class='ocrx_word' id='word_1_201' title='bbox 834 3120 896 3149; x_wconf 82' lang='lat' dir='ltr'><strong>sone</strong></span> <span class='ocrx_word' id='word_1_202' title='bbox 916 3119 989 3162; x_wconf 87' lang='lat' dir='ltr'><strong>usque</strong></span> <span class='ocrx_word' id='word_1_203' title='bbox 1008 3108 1037 3150; x_wconf 77' lang='lat' dir='ltr'><strong>ad</strong></span> <span class='ocrx_word' id='word_1_204' title='bbox 1056 3119 1080 3152; x_wconf 84' lang='lat' dir='ltr'><strong>v.</strong></span> <span class='ocrx_word' id='word_1_205' title='bbox 1100 3106 1263 3152; x_wconf 76' lang='lat' dir='ltr'><strong>titubantibus</strong></span> <span class='ocrx_word' id='word_1_206' title='bbox 1281 3121 1309 3152; x_wconf 82' lang='lat' dir='ltr'><strong>v.</strong></span> 
     </span>
     <span class='ocr_line' id='line_1_30' title="bbox 190 3171 1309 3234; baseline 0.002 -17"><span class='ocrx_word' id='word_1_207' title='bbox 190 3172 232 3218; x_wconf 76' lang='lat' dir='ltr'><strong>id.</strong></span> <span class='ocrx_word' id='word_1_208' title='bbox 252 3187 296 3229; x_wconf 91' lang='lat' dir='ltr'><strong>pro</strong></span> <span class='ocrx_word' id='word_1_209' title='bbox 314 3173 403 3226; x_wconf 86' lang='lat' dir='ltr'><strong>spuriis</strong></span> <span class='ocrx_word' id='word_1_210' title='bbox 424 3171 495 3217; x_wconf 84' lang='lat' dir='ltr'><strong>babet</strong></span> <span class='ocrx_word' id='word_1_211' title='bbox 512 3173 654 3218; x_wconf 84' lang='lat' dir='ltr'><strong>Franckius.</strong></span> <span class='ocrx_word' id='word_1_212' title='bbox 702 3171 755 3218; x_wconf 80' lang='lat' dir='ltr'><strong>Nec</strong></span> <span class='ocrx_word' id='word_1_213' title='bbox 773 3175 825 3228; x_wconf 84' lang='lat' dir='ltr'><strong>nil,</strong></span> <span class='ocrx_word' id='word_1_214' title='bbox 852 3188 930 3233; x_wconf 82' lang='lat' dir='ltr'><strong>nsque</strong></span> <span class='ocrx_word' id='word_1_215' title='bbox 948 3176 1033 3219; x_wconf 78' lang='lat' dir='ltr'><strong>ornain</strong></span> <span class='ocrx_word' id='word_1_216' title='bbox 1054 3172 1116 3220; x_wconf 78' lang='lat' dir='ltr'><strong>daec</strong></span> <span class='ocrx_word' id='word_1_217' title='bbox 1142 3181 1218 3230; x_wconf 77' lang='lat' dir='ltr'><strong>auat,</strong></span> <span class='ocrx_word' id='word_1_218' title='bbox 1245 3190 1309 3234; x_wconf 80' lang='lat' dir='ltr'><strong>prins</strong></span> 
     </span>
     <span class='ocr_line' id='line_1_31' title="bbox 188 3241 1311 3307; baseline 0.004 -22"><span class='ocrx_word' id='word_1_219' title='bbox 188 3241 259 3294; x_wconf 67' lang='lat' dir='ltr'><strong>died.</strong></span> <span class='ocrx_word' id='word_1_220' title='bbox 296 3242 377 3286; x_wconf 85' lang='lat' dir='ltr'><strong>Facile</strong></span> <span class='ocrx_word' id='word_1_221' title='bbox 399 3241 462 3285; x_wconf 90' lang='lat' dir='ltr'><strong>euim</strong></span> <span class='ocrx_word' id='word_1_222' title='bbox 484 3242 575 3307; x_wconf 61' lang='lat' dir='ltr'><strong>lprgior</strong></span> <span class='ocrx_word' id='word_1_223' title='bbox 595 3243 648 3286; x_wconf 83' lang='lat' dir='ltr'><strong>viro</strong></span> <span class='ocrx_word' id='word_1_224' title='bbox 668 3244 825 3302; x_wconf 77' lang='lat' dir='ltr'><strong>sagacissimo</strong></span> <span class='ocrx_word' id='word_1_225' title='bbox 844 3244 978 3289; x_wconf 81' lang='lat' dir='ltr'><strong>iuvenalem</strong></span> <span class='ocrx_word' id='word_1_226' title='bbox 997 3259 1072 3301; x_wconf 85' lang='lat' dir='ltr'><strong>neque</strong></span> <span class='ocrx_word' id='word_1_227' title='bbox 1093 3246 1117 3289; x_wconf 90' lang='lat' dir='ltr'><strong>iu</strong></span> <span class='ocrx_word' id='word_1_228' title='bbox 1137 3245 1247 3303; x_wconf 72' lang='lat' dir='ltr'><strong>Aegypto</strong></span> <span class='ocrx_word' id='word_1_229' title='bbox 1265 3258 1311 3290; x_wconf 74' lang='grc' dir='ltr'><strong>οι·</strong></span> 
     </span>
     <span class='ocr_line' id='line_1_32' title="bbox 189 3312 1308 3373; baseline 0.004 -19"><span class='ocrx_word' id='word_1_230' title='bbox 189 3312 296 3365; x_wconf 77' lang='lat' dir='ltr'><strong>colasse,</strong></span> <span class='ocrx_word' id='word_1_231' title='bbox 315 3325 373 3363; x_wconf 89' lang='lat' dir='ltr'><strong>nee,</strong></span> <span class='ocrx_word' id='word_1_232' title='bbox 393 3312 456 3368; x_wconf 87' lang='lat' dir='ltr'><strong>quod</strong></span> <span class='ocrx_word' id='word_1_233' title='bbox 465 3324 508 3366; x_wconf 89' lang='lat' dir='ltr'><strong>per</strong></span> <span class='ocrx_word' id='word_1_234' title='bbox 521 3325 546 3356; x_wconf 82' lang='lat' dir='ltr'><strong>se</strong></span> <span class='ocrx_word' id='word_1_235' title='bbox 557 3312 716 3371; x_wconf 72' lang='lat' dir='ltr'><strong>intelligitur,</strong></span> <span class='ocrx_word' id='word_1_236' title='bbox 730 3313 869 3358; x_wconf 80' lang='lat' dir='ltr'><strong>interfuisse</strong></span> <span class='ocrx_word' id='word_1_237' title='bbox 882 3313 979 3358; x_wconf 86' lang='lat' dir='ltr'><strong>imrnani</strong></span> <span class='ocrx_word' id='word_1_238' title='bbox 993 3314 1047 3359; x_wconf 82' lang='lat' dir='ltr'><strong>hnic</strong></span> <span class='ocrx_word' id='word_1_239' title='bbox 1059 3325 1173 3373; x_wconf 51' lang='lat' dir='ltr'><strong>pugnam</strong></span> <span class='ocrx_word' id='word_1_240' title='bbox 1192 3314 1234 3358; x_wconf 87' lang='lat' dir='ltr'><strong>sed</strong></span> <span class='ocrx_word' id='word_1_241' title='bbox 1246 3315 1308 3358; x_wconf 80' lang='lat' dir='ltr'><strong>uibi-</strong></span> 
     </span>
     <span class='ocr_line' id='line_1_33' title="bbox 188 3381 1309 3440; baseline 0.002 -16"><span class='ocrx_word' id='word_1_242' title='bbox 188 3382 293 3425; x_wconf 83' lang='lat' dir='ltr'><strong>loruinns</strong></span> <span class='ocrx_word' id='word_1_243' title='bbox 314 3381 431 3439; x_wconf 78' lang='lat' dir='ltr'><strong>genuinos</strong></span> <span class='ocrx_word' id='word_1_244' title='bbox 458 3385 542 3435; x_wconf 83' lang='lat' dir='ltr'><strong>reputo</strong></span> <span class='ocrx_word' id='word_1_245' title='bbox 564 3382 691 3427; x_wconf 73' lang='lat' dir='ltr'><strong>vernusia</strong></span> <span class='ocrx_word' id='word_1_246' title='bbox 719 3383 880 3437; x_wconf 74' lang='lat' dir='ltr'><strong>suspicionem</strong></span> <span class='ocrx_word' id='word_1_247' title='bbox 899 3384 1022 3427; x_wconf 82' lang='lat' dir='ltr'><strong>adductos.</strong></span> <span class='ocrx_word' id='word_1_248' title='bbox 1069 3383 1156 3440; x_wconf 81' lang='lat' dir='ltr'><strong>Quidni</strong></span> <span class='ocrx_word' id='word_1_249' title='bbox 1176 3383 1240 3426; x_wconf 81' lang='lat' dir='ltr'><strong>enim</strong></span> <span class='ocrx_word' id='word_1_250' title='bbox 1265 3397 1309 3438; x_wconf 84' lang='lat' dir='ltr'><strong>psr</strong></span> 
     </span>
     <span class='ocr_line' id='line_1_34' title="bbox 189 3449 1309 3510; baseline 0.001 -14"><span class='ocrx_word' id='word_1_251' title='bbox 189 3450 262 3496; x_wconf 79' lang='lat' dir='ltr'><strong>vitam</strong></span> <span class='ocrx_word' id='word_1_252' title='bbox 279 3449 330 3494; x_wconf 84' lang='lat' dir='ltr'><strong>fere</strong></span> <span class='ocrx_word' id='word_1_253' title='bbox 348 3450 526 3506; x_wconf 70' lang='lat' dir='ltr'><strong>octogenariam</strong></span> <span class='ocrx_word' id='word_1_254' title='bbox 553 3452 627 3496; x_wconf 81' lang='lat' dir='ltr'><strong>semel</strong></span> <span class='ocrx_word' id='word_1_255' title='bbox 650 3452 753 3497; x_wconf 83' lang='lat' dir='ltr'><strong>invisere</strong></span> <span class='ocrx_word' id='word_1_256' title='bbox 772 3451 877 3507; x_wconf 82' lang='lat' dir='ltr'><strong>potuerit</strong></span> <span class='ocrx_word' id='word_1_257' title='bbox 896 3451 1045 3510; x_wconf 73' lang='lat' dir='ltr'><strong>aegyptum,</strong></span> <span class='ocrx_word' id='word_1_258' title='bbox 1076 3465 1152 3509; x_wconf 76' lang='lat' dir='ltr'><strong>coque</strong></span> <span class='ocrx_word' id='word_1_259' title='bbox 1172 3451 1195 3494; x_wconf 88' lang='lat' dir='ltr'><strong>in</strong></span> <span class='ocrx_word' id='word_1_260' title='bbox 1219 3451 1309 3497; x_wconf 78' lang='lat' dir='ltr'><strong>itinero</strong></span> 
     </span>
     <span class='ocr_line' id='line_1_35' title="bbox 189 3519 1310 3578; baseline 0.002 -15"><span class='ocrx_word' id='word_1_261' title='bbox 189 3519 312 3575; x_wconf 78' lang='lat' dir='ltr'><strong>Canopum</strong></span> <span class='ocrx_word' id='word_1_262' title='bbox 331 3519 485 3564; x_wconf 73' lang='lat' dir='ltr'><strong>Graecanicis</strong></span> <span class='ocrx_word' id='word_1_263' title='bbox 503 3520 594 3564; x_wconf 87' lang='lat' dir='ltr'><strong>deliciis</strong></span> <span class='ocrx_word' id='word_1_264' title='bbox 612 3520 763 3573; x_wconf 79' lang='lat' dir='ltr'><strong>affluentem,</strong></span> <span class='ocrx_word' id='word_1_265' title='bbox 785 3535 830 3564; x_wconf 88' lang='lat' dir='ltr'><strong>uon</strong></span> <span class='ocrx_word' id='word_1_266' title='bbox 849 3534 902 3565; x_wconf 86' lang='lat' dir='ltr'><strong>curn</strong></span> <span class='ocrx_word' id='word_1_267' title='bbox 920 3521 979 3575; x_wconf 86' lang='lat' dir='ltr'><strong>ipsis</strong></span> <span class='ocrx_word' id='word_1_268' title='bbox 997 3523 1092 3578; x_wconf 86' lang='lat' dir='ltr'><strong>quidem</strong></span> <span class='ocrx_word' id='word_1_269' title='bbox 1112 3521 1199 3566; x_wconf 85' lang='lat' dir='ltr'><strong>Ombis</strong></span> <span class='ocrx_word' id='word_1_270' title='bbox 1214 3520 1310 3574; x_wconf 66' lang='lat' dir='ltr'><strong>nonu.</strong></span> 
     </span>
     <span class='ocr_line' id='line_1_36' title="bbox 188 3587 1309 3648; baseline 0 -13"><span class='ocrx_word' id='word_1_271' title='bbox 188 3592 284 3648; x_wconf 80' lang='lat' dir='ltr'><strong>risque,</strong></span> <span class='ocrx_word' id='word_1_272' title='bbox 315 3589 357 3634; x_wconf 82' lang='lat' dir='ltr'><strong>sed</strong></span> <span class='ocrx_word' id='word_1_273' title='bbox 375 3603 429 3633; x_wconf 85' lang='lat' dir='ltr'><strong>curn</strong></span> <span class='ocrx_word' id='word_1_274' title='bbox 452 3589 506 3633; x_wconf 82' lang='lat' dir='ltr'><strong>aliis</strong></span> <span class='ocrx_word' id='word_1_275' title='bbox 530 3590 589 3633; x_wconf 84' lang='lat' dir='ltr'><strong>loeis</strong></span> <span class='ocrx_word' id='word_1_276' title='bbox 610 3589 721 3634; x_wconf 82' lang='lat' dir='ltr'><strong>barbaris</strong></span> <span class='ocrx_word' id='word_1_277' title='bbox 742 3591 842 3645; x_wconf 78' lang='lat' dir='ltr'><strong>Canopo</strong></span> <span class='ocrx_word' id='word_1_278' title='bbox 870 3591 1025 3646; x_wconf 81' lang='lat' dir='ltr'><strong>propioribus</strong></span> <span class='ocrx_word' id='word_1_279' title='bbox 1050 3587 1212 3644; x_wconf 77' lang='lat' dir='ltr'><strong>comparare?</strong></span> <span class='ocrx_word' id='word_1_280' title='bbox 1243 3590 1309 3635; x_wconf 84' lang='lat' dir='ltr'><strong>llase</strong></span> 
     </span>
     <span class='ocr_line' id='line_1_37' title="bbox 188 3652 1311 3716; baseline 0 -13"><span class='ocrx_word' id='word_1_281' title='bbox 188 3660 252 3704; x_wconf 81' lang='lat' dir='ltr'><strong>enirn</strong></span> <span class='ocrx_word' id='word_1_282' title='bbox 274 3652 312 3703; x_wconf 75' lang='lat' dir='ltr'><strong>est</strong></span> <span class='ocrx_word' id='word_1_283' title='bbox 333 3659 438 3716; x_wconf 80' lang='lat' dir='ltr'><strong>legiruna</strong></span> <span class='ocrx_word' id='word_1_284' title='bbox 465 3659 598 3712; x_wconf 86' lang='lat' dir='ltr'><strong>sententia,</strong></span> <span class='ocrx_word' id='word_1_285' title='bbox 630 3659 650 3702; x_wconf 89' lang='lat' dir='ltr'><strong>si</strong></span> <span class='ocrx_word' id='word_1_286' title='bbox 674 3660 781 3703; x_wconf 83' lang='lat' dir='ltr'><strong>cavillari</strong></span> <span class='ocrx_word' id='word_1_287' title='bbox 807 3659 880 3704; x_wconf 82' lang='lat' dir='ltr'><strong>rerba</strong></span> <span class='ocrx_word' id='word_1_288' title='bbox 899 3661 1022 3704; x_wconf 77' lang='lat' dir='ltr'><strong>uolumus:</strong></span> <span class='ocrx_word' id='word_1_289' title='bbox 1060 3661 1170 3713; x_wconf 82' lang='lat' dir='ltr'><strong>„Parum</strong></span> <span class='ocrx_word' id='word_1_290' title='bbox 1188 3659 1251 3702; x_wconf 81' lang='lat' dir='ltr'><strong>culta</strong></span> <span class='ocrx_word' id='word_1_291' title='bbox 1270 3663 1311 3703; x_wconf 80' lang='lat' dir='ltr'><strong>est</strong></span> 
     </span>
     <span class='ocr_line' id='line_1_38' title="bbox 188 3717 1308 3789; baseline -0.004 -15"><span class='ocrx_word' id='word_1_292' title='bbox 188 3743 245 3774; x_wconf 89' lang='lat' dir='ltr'><strong>saue</strong></span> <span class='ocrx_word' id='word_1_293' title='bbox 263 3729 341 3772; x_wconf 86' lang='lat' dir='ltr'><strong>maior</strong></span> <span class='ocrx_word' id='word_1_294' title='bbox 359 3728 459 3785; x_wconf 73' lang='lat' dir='ltr'><strong>Aegypti</strong></span> <span class='ocrx_word' id='word_1_295' title='bbox 477 3742 548 3789; x_wconf 70' lang='lat' dir='ltr'><strong>para,</strong></span> <span class='ocrx_word' id='word_1_296' title='bbox 568 3729 635 3772; x_wconf 89' lang='lat' dir='ltr'><strong>cuius</strong></span> <span class='ocrx_word' id='word_1_297' title='bbox 652 3729 745 3773; x_wconf 88' lang='lat' dir='ltr'><strong>incolae</strong></span> <span class='ocrx_word' id='word_1_298' title='bbox 763 3730 867 3772; x_wconf 88' lang='lat' dir='ltr'><strong>nondunr</strong></span> <span class='ocrx_word' id='word_1_299' title='bbox 886 3717 940 3773; x_wconf 84' lang='lat' dir='ltr'><strong>suut</strong></span> <span class='ocrx_word' id='word_1_300' title='bbox 959 3728 1059 3774; x_wconf 81' lang='lat' dir='ltr'><strong>Graecis</strong></span> <span class='ocrx_word' id='word_1_301' title='bbox 1078 3728 1185 3772; x_wconf 83' lang='lat' dir='ltr'><strong>moribus</strong></span> <span class='ocrx_word' id='word_1_302' title='bbox 1205 3728 1308 3785; x_wconf 88' lang='lat' dir='ltr'><strong>irnbuti;</strong></span> 
     </span>
     <span class='ocr_line' id='line_1_39' title="bbox 188 3797 1309 3855; baseline -0.002 -14"><span class='ocrx_word' id='word_1_303' title='bbox 188 3799 252 3855; x_wconf 73' lang='lat' dir='ltr'><strong>quod</strong></span> <span class='ocrx_word' id='word_1_304' title='bbox 270 3803 348 3842; x_wconf 86' lang='lat' dir='ltr'><strong>tarueu</strong></span> <span class='ocrx_word' id='word_1_305' title='bbox 367 3798 396 3840; x_wconf 80' lang='lat' dir='ltr'><strong>ad</strong></span> <span class='ocrx_word' id='word_1_306' title='bbox 415 3798 536 3852; x_wconf 83' lang='lat' dir='ltr'><strong>epularum</strong></span> <span class='ocrx_word' id='word_1_307' title='bbox 555 3797 675 3842; x_wconf 85' lang='lat' dir='ltr'><strong>luxuriem</strong></span> <span class='ocrx_word' id='word_1_308' title='bbox 692 3798 789 3851; x_wconf 88' lang='lat' dir='ltr'><strong>attinet,</strong></span> <span class='ocrx_word' id='word_1_309' title='bbox 810 3803 923 3855; x_wconf 83' lang='lat' dir='ltr'><strong>quantum</strong></span> <span class='ocrx_word' id='word_1_310' title='bbox 936 3799 988 3853; x_wconf 84' lang='lat' dir='ltr'><strong>ipsc</strong></span> <span class='ocrx_word' id='word_1_311' title='bbox 1002 3799 1128 3855; x_wconf 86' lang='lat' dir='ltr'><strong>aliquando</strong></span> <span class='ocrx_word' id='word_1_312' title='bbox 1139 3797 1309 3851; x_wconf 86' lang='lat' dir='ltr'><strong>anirnadrerti,</strong></span> 
     </span>
     <span class='ocr_line' id='line_1_40' title="bbox 188 3866 1310 3925; baseline -0.002 -12"><span class='ocrx_word' id='word_1_313' title='bbox 188 3869 314 3925; x_wconf 81' lang='lat' dir='ltr'><strong>indigenae</strong></span> <span class='ocrx_word' id='word_1_314' title='bbox 337 3867 381 3921; x_wconf 82' lang='lat' dir='ltr'><strong>ipsi</strong></span> <span class='ocrx_word' id='word_1_315' title='bbox 410 3880 457 3910; x_wconf 83' lang='lat' dir='ltr'><strong>lton</strong></span> <span class='ocrx_word' id='word_1_316' title='bbox 488 3869 573 3912; x_wconf 88' lang='lat' dir='ltr'><strong>cedunt</strong></span> <span class='ocrx_word' id='word_1_317' title='bbox 594 3868 631 3911; x_wconf 86' lang='lat' dir='ltr'><strong>vel</strong></span> <span class='ocrx_word' id='word_1_318' title='bbox 654 3866 794 3918; x_wconf 83' lang='lat' dir='ltr'><strong>Carrobitis,</strong></span> <span class='ocrx_word' id='word_1_319' title='bbox 824 3868 863 3924; x_wconf 85' lang='lat' dir='ltr'><strong>qui</strong></span> <span class='ocrx_word' id='word_1_320' title='bbox 883 3869 1067 3911; x_wconf 80' lang='lat' dir='ltr'><strong>transmarinam</strong></span> <span class='ocrx_word' id='word_1_321' title='bbox 1086 3867 1227 3924; x_wconf 77' lang='lat' dir='ltr'><strong>elegantium</strong></span> <span class='ocrx_word' id='word_1_322' title='bbox 1246 3867 1310 3911; x_wconf 81' lang='lat' dir='ltr'><strong>vitae</strong></span> 
     </span>
     <span class='ocr_line' id='line_1_41' title="bbox 188 3936 1312 3990; baseline 0.001 -12"><span class='ocrx_word' id='word_1_323' title='bbox 188 3938 319 3981; x_wconf 77' lang='lat' dir='ltr'><strong>dissolutae</strong></span> <span class='ocrx_word' id='word_1_324' title='bbox 349 3937 451 3981; x_wconf 82' lang='lat' dir='ltr'><strong>iniecere</strong></span> <span class='ocrx_word' id='word_1_325' title='bbox 479 3936 639 3981; x_wconf 87' lang='lat' dir='ltr'><strong>didicerunt.&#39;&#39;</strong></span> <span class='ocrx_word' id='word_1_326' title='bbox 678 3937 815 3979; x_wconf 80' lang='lat' dir='ltr'><strong>Moriastico</strong></span> <span class='ocrx_word' id='word_1_327' title='bbox 834 3941 898 3981; x_wconf 86' lang='lat' dir='ltr'><strong>cerlo</strong></span> <span class='ocrx_word' id='word_1_328' title='bbox 917 3938 997 3982; x_wconf 84' lang='lat' dir='ltr'><strong>colore</strong></span> <span class='ocrx_word' id='word_1_329' title='bbox 1017 3938 1114 3979; x_wconf 86' lang='lat' dir='ltr'><strong>minime</strong></span> <span class='ocrx_word' id='word_1_330' title='bbox 1134 3937 1255 3990; x_wconf 84' lang='lat' dir='ltr'><strong>deturpari</strong></span> <span class='ocrx_word' id='word_1_331' title='bbox 1273 3937 1312 3979; x_wconf 83' lang='lat' dir='ltr'><strong>ri·</strong></span> 
     </span>
     <span class='ocr_line' id='line_1_42' title="bbox 189 4000 1310 4062; baseline 0.001 -13"><span class='ocrx_word' id='word_1_332' title='bbox 189 4006 274 4049; x_wconf 86' lang='lat' dir='ltr'><strong>dentur</strong></span> <span class='ocrx_word' id='word_1_333' title='bbox 294 4019 316 4048; x_wconf 84' lang='lat' dir='ltr'><strong>v.</strong></span> <span class='ocrx_word' id='word_1_334' title='bbox 337 4000 379 4049; x_wconf 74' lang='lat' dir='ltr'><strong>dl.</strong></span> <span class='ocrx_word' id='word_1_335' title='bbox 400 4010 422 4049; x_wconf 87' lang='lat' dir='ltr'><strong>el</strong></span> <span class='ocrx_word' id='word_1_336' title='bbox 443 4003 502 4056; x_wconf 78' lang='lat' dir='ltr'><strong>id.;</strong></span> <span class='ocrx_word' id='word_1_337' title='bbox 523 4009 570 4049; x_wconf 84' lang='lat' dir='ltr'><strong>iuro</strong></span> <span class='ocrx_word' id='word_1_338' title='bbox 590 4020 634 4060; x_wconf 90' lang='lat' dir='ltr'><strong>pro</strong></span> <span class='ocrx_word' id='word_1_339' title='bbox 652 4019 706 4049; x_wconf 89' lang='lat' dir='ltr'><strong>rueo</strong></span> <span class='ocrx_word' id='word_1_340' title='bbox 725 4006 819 4062; x_wconf 77' lang='lat' dir='ltr'><strong>quidun</strong></span> <span class='ocrx_word' id='word_1_341' title='bbox 837 4019 908 4049; x_wconf 85' lang='lat' dir='ltr'><strong>sensu</strong></span> <span class='ocrx_word' id='word_1_342' title='bbox 927 4006 1038 4049; x_wconf 84' lang='lat' dir='ltr'><strong>ieiunum</strong></span> <span class='ocrx_word' id='word_1_343' title='bbox 1056 4007 1113 4049; x_wconf 89' lang='lat' dir='ltr'><strong>illud</strong></span> <span class='ocrx_word' id='word_1_344' title='bbox 1132 4003 1310 4057; x_wconf 74' lang='lat' dir='ltr'><strong>odiuenmanei</strong></span> 
     </span>
     <span class='ocr_line' id='line_1_43' title="bbox 189 4073 1311 4133; baseline -0.003 -14"><span class='ocrx_word' id='word_1_345' title='bbox 189 4075 271 4119; x_wconf 71' lang='lat' dir='ltr'><strong>nescio</strong></span> <span class='ocrx_word' id='word_1_346' title='bbox 296 4074 350 4130; x_wconf 85' lang='lat' dir='ltr'><strong>quid</strong></span> <span class='ocrx_word' id='word_1_347' title='bbox 377 4078 402 4118; x_wconf 85' lang='lat' dir='ltr'><strong>et</strong></span> <span class='ocrx_word' id='word_1_348' title='bbox 428 4075 560 4130; x_wconf 85' lang='lat' dir='ltr'><strong>irupersccti</strong></span> <span class='ocrx_word' id='word_1_349' title='bbox 598 4075 711 4129; x_wconf 86' lang='lat' dir='ltr'><strong>habebit,</strong></span> <span class='ocrx_word' id='word_1_350' title='bbox 755 4075 799 4133; x_wconf 81' lang='lat' dir='ltr'><strong>nisi</strong></span> <span class='ocrx_word' id='word_1_351' title='bbox 840 4074 990 4119; x_wconf 86' lang='lat' dir='ltr'><strong>Ombitarurn</strong></span> <span class='ocrx_word' id='word_1_352' title='bbox 1027 4076 1176 4119; x_wconf 84' lang='lat' dir='ltr'><strong>umdidorruu</strong></span> <span class='ocrx_word' id='word_1_353' title='bbox 1214 4073 1311 4118; x_wconf 86' lang='lat' dir='ltr'><strong>blaeso·</strong></span> 
     </span>
     <span class='ocr_line' id='line_1_44' title="bbox 189 4143 1311 4201; baseline -0.002 -13"><span class='ocrx_word' id='word_1_354' title='bbox 189 4156 289 4198; x_wconf 70' lang='lat' dir='ltr'><strong>rnatu-pue</strong></span> <span class='ocrx_word' id='word_1_355' title='bbox 319 4143 426 4197; x_wconf 74' lang='lat' dir='ltr'><strong>stupidae</strong></span> <span class='ocrx_word' id='word_1_356' title='bbox 454 4145 563 4189; x_wconf 77' lang='lat' dir='ltr'><strong>ebrietati</strong></span> <span class='ocrx_word' id='word_1_357' title='bbox 593 4149 735 4201; x_wconf 79' lang='lat' dir='ltr'><strong>opponatur.</strong></span> <span class='ocrx_word' id='word_1_358' title='bbox 796 4144 864 4199; x_wconf 84' lang='lat' dir='ltr'><strong>erod</strong></span> <span class='ocrx_word' id='word_1_359' title='bbox 894 4158 951 4187; x_wconf 87' lang='lat' dir='ltr'><strong>vero</strong></span> <span class='ocrx_word' id='word_1_360' title='bbox 981 4145 1090 4201; x_wconf 87' lang='lat' dir='ltr'><strong>queritur</strong></span> <span class='ocrx_word' id='word_1_361' title='bbox 1116 4144 1249 4193; x_wconf 79' lang='lat' dir='ltr'><strong>Frunrltius</strong></span> <span class='ocrx_word' id='word_1_362' title='bbox 1280 4146 1311 4198; x_wconf 73' lang='lat' dir='ltr'><strong>de</strong></span> 
     </span>
     <span class='ocr_line' id='line_1_45' title="bbox 189 4211 1312 4271; baseline -0.002 -15"><span class='ocrx_word' id='word_1_363' title='bbox 189 4213 334 4259; x_wconf 72' lang='lat' dir='ltr'><strong>irai-rarione</strong></span> <span class='ocrx_word' id='word_1_364' title='bbox 354 4217 437 4256; x_wconf 80' lang='lat' dir='ltr'><strong>terrore</strong></span> <span class='ocrx_word' id='word_1_365' title='bbox 456 4215 544 4257; x_wconf 82' lang='lat' dir='ltr'><strong>arrisere</strong></span> <span class='ocrx_word' id='word_1_366' title='bbox 562 4215 710 4267; x_wconf 87' lang='lat' dir='ltr'><strong>interrupto,</strong></span> <span class='ocrx_word' id='word_1_367' title='bbox 743 4213 880 4256; x_wconf 85' lang='lat' dir='ltr'><strong>rrrerninisse</strong></span> <span class='ocrx_word' id='word_1_368' title='bbox 903 4213 1016 4257; x_wconf 65' lang='lat' dir='ltr'><strong>debemus</strong></span> <span class='ocrx_word' id='word_1_369' title='bbox 1041 4213 1064 4256; x_wconf 92' lang='lat' dir='ltr'><strong>in</strong></span> <span class='ocrx_word' id='word_1_370' title='bbox 1089 4213 1171 4271; x_wconf 81' lang='lat' dir='ltr'><strong>quavis</strong></span> <span class='ocrx_word' id='word_1_371' title='bbox 1191 4211 1312 4263; x_wconf 67' lang='lat' dir='ltr'><strong>luvenalis</strong></span> 
     </span>
     <span class='ocr_line' id='line_1_46' title="bbox 188 4275 1311 4340; baseline -0.003 -13"><span class='ocrx_word' id='word_1_372' title='bbox 188 4283 267 4327; x_wconf 76' lang='lat' dir='ltr'><strong>Sotira</strong></span> <span class='ocrx_word' id='word_1_373' title='bbox 285 4280 419 4325; x_wconf 84' lang='lat' dir='ltr'><strong>huiusmodi</strong></span> <span class='ocrx_word' id='word_1_374' title='bbox 438 4284 540 4338; x_wconf 87' lang='lat' dir='ltr'><strong>reperiri</strong></span> <span class='ocrx_word' id='word_1_375' title='bbox 559 4275 721 4336; x_wconf 69' lang='lat' dir='ltr'><strong>deuerticula,</strong></span> <span class='ocrx_word' id='word_1_376' title='bbox 743 4285 768 4326; x_wconf 89' lang='lat' dir='ltr'><strong>nl</strong></span> <span class='ocrx_word' id='word_1_377' title='bbox 786 4283 836 4336; x_wconf 76' lang='lat' dir='ltr'><strong>ipse</strong></span> <span class='ocrx_word' id='word_1_378' title='bbox 855 4283 924 4337; x_wconf 87' lang='lat' dir='ltr'><strong>plane</strong></span> <span class='ocrx_word' id='word_1_379' title='bbox 942 4283 1069 4340; x_wconf 68' lang='lat' dir='ltr'><strong>scarcellam</strong></span> <span class='ocrx_word' id='word_1_380' title='bbox 1088 4283 1192 4337; x_wconf 79' lang='lat' dir='ltr'><strong>appellat</strong></span> <span class='ocrx_word' id='word_1_381' title='bbox 1210 4283 1311 4340; x_wconf 77' lang='lat' dir='ltr'><strong>degres-</strong></span> 
     </span>
    </p>
   </div>
   <div class='ocr_carea' id='block_1_5' title="bbox 0 0 1396 4762">
    <p class='ocr_par' dir='ltr' id='par_1_14' title="bbox 0 0 1396 4762">
     <span class='ocr_line' id='line_1_47' title="bbox 0 0 1396 4762; baseline 0 0"><span class='ocrx_word' id='word_1_382' title='bbox 0 0 1396 4762; x_wconf 95' lang='lat' dir='ltr'><strong> </strong></span> 
     </span>
    </p>
   </div>
  </div>
 </body>
</html>
