2782 4762
130 167 171 230 54

128 323 246 393 Omnia
269 321 440 390 convisunt
463 323 551 389 clara
572 322 645 389 luca
670 322 804 387 eandida
825 321 917 387 luce:

129 431 225 495 Nunc
247 432 345 494 redeo
369 432 409 492 ad
431 426 539 491 mundi
562 425 736 492 novitatem
759 437 791 491 et
813 425 921 491 mollia
942 435 1049 488 terrae

128 535 239 608 Arva;
262 553 351 598 novo
374 531 442 596 ictu
463 529 541 615 quid
562 529 701 613 primum
723 528 756 593 in
777 527 904 592 luminis
927 549 1001 593 oras

128 635 263 700 Tollere
286 646 317 698 et
338 634 469 698 incertis
491 636 516 709 †
539 636 673 696 credunt
695 631 897 697 committere
920 628 1037 694 ventis.

189 735 360 820 Principio
384 759 483 823 genus
505 739 677 800 herbarum
704 734 902 820 viridemque
924 732 1062 797 nitorem

127 843 233 905 Terra
256 839 344 904 dedit
366 839 486 904 circum
511 837 624 903 colleis
647 859 841 924 camposque
863 859 923 921 per
945 834 1071 901 omneis

126 943 263 1009 Florida
286 943 445 1006 fulserunt
469 941 620 1005 viridanti
641 952 735 1024 prata
757 941 891 1005 colore:

126 1046 378 1132 Arborihusque
402 1049 539 1108 datumst
564 1044 663 1108 variis
685 1042 801 1108 exinde
822 1065 882 1126 per
903 1063 997 1105 auras

128 1147 307 1214 Creseundi
331 1170 476 1233 uragnum
498 1146 648 1211 immissis
670 1156 830 1211 certamen
852 1144 996 1208 habenis.

127 1254 172 1318 Ut
190 1252 298 1336 pluma
321 1264 418 1338 atque
437 1249 516 1334 pilei
535 1250 674 1333 primum
697 1260 846 1334 setaeque
870 1257 1019 1311 creantur

129 1354 378 1438 Quadrupedum
403 1352 554 1417 membris
573 1366 604 1417 et
628 1374 769 1435 corpore
791 1349 1073 1434 pennipotentum,

130 1457 185 1521 Sic
205 1469 376 1522 novatum
398 1457 491 1520 tellus
512 1459 631 1519 herbas
654 1455 859 1541 virgultaque
879 1453 1020 1537 primum

130 1561 283 1636 Sustulit3
305 1560 381 1623 inde
400 1559 468 1624 loci
489 1558 636 1623 mortalia
659 1557 743 1621 secla
768 1556 891 1620 creavit

133 1663 242 1727 Multa
265 1663 370 1727 modis
393 1663 519 1738 multis,
544 1660 633 1724 varia
655 1659 779 1724 ratione
802 1672 931 1725 coorta.

130 1769 214 1830 Nam
238 1788 341 1852 neque
366 1769 403 1828 de
422 1764 512 1829 caelo
537 1763 688 1828 cecidisse
711 1762 856 1826 animalia
878 1775 1028 1847 possunt,

132 1871 203 1932 Nec
227 1867 393 1933 terrestria
416 1872 455 1932 de
477 1867 567 1931 salsis
589 1867 693 1931 exisse
716 1866 851 1931 lacunis.

130 1970 322 2057 Linquitur,
345 1983 379 2035 ut
399 1971 514 2036 merito
539 1983 712 2035 maternum
737 1991 853 2034 nomen
872 1973 987 2052 adepta

131 2077 237 2139 Terra
256 2074 315 2150 sit,
339 2086 461 2138 eterra
484 2073 634 2158 quoniam
656 2084 727 2136 sunt
752 2085 865 2136 cuncta
887 2084 1007 2136 creata.

131 2177 302 2262 Multaque
325 2198 407 2239 nunc
430 2176 522 2239 etiam
546 2175 702 2239 exsistunt
725 2174 872 2238 animalia
896 2176 1008 2253 terris,

129 2279 296 2342 Imbribus
318 2289 350 2342 et
365 2277 480 2355 ¹calido
505 2277 583 2343 solis
605 2289 758 2342 concreta
779 2299 922 2361 vapore:

134 2382 208 2463 Quo
232 2380 333 2444 miuus
354 2393 402 2445 est
424 2382 555 2458 mirum,
579 2381 606 2444 si
628 2393 693 2444 tum
717 2392 789 2444 sunt
810 2381 904 2465 plura
925 2394 1040 2446 coorta

134 2487 179 2549 Et
199 2485 340 2566 maiora,
364 2506 450 2549 nova
467 2485 580 2548 tellure
603 2495 698 2569 atque
718 2487 864 2560 aethere,
888 2484 1006 2548 adulta.

196 2587 386 2670 Principio,
411 2611 510 2673 genus
531 2587 660 2651 alituum
683 2586 854 2672 variaeque
879 2589 1031 2652 volucres

134 2691 207 2757 Ora
227 2690 451 2777 relinquebant
470 2691 619 2754 exclusae
637 2701 784 2774 tempore
804 2712 928 2755 verno:
1194 2693 1258 2755 800

130 2871 254 2934 niscatur,
283 2888 329 2919 nec
347 2873 459 2932 mancipi
479 2888 506 2918 ac
528 2875 647 2919 similibus
666 2878 723 2928 (nec
736 2871 836 2934 sunere
853 2875 942 2919 Catutl.
957 2875 1039 2930 Epith.
1054 2875 1108 2920 Pel.
1123 2871 1195 2932 83.),
1215 2876 1257 2921 ubi

131 2960 177 2990 nee
192 2946 333 3001 simpliciter
351 2951 437 3004 negat,
469 2945 562 3002 antiqui
587 2959 682 3001 semper
701 2946 816 3001 primaria
834 2946 914 2989 ferina
932 2959 992 2998 nec,
1013 2960 1060 2989 non
1079 2959 1137 2990 vero
1156 2947 1256 3000 prolun-

131 3021 186 3074 gata
198 3030 225 3059 ae
238 3016 350 3059 rusellinae
363 3028 441 3073 neque
453 3016 562 3059 videntur
576 3029 628 3060 esse
640 3017 686 3060 usi.
708 3030 711 3036 ¹
725 3013 784 3062 780.
805 3016 840 3059 lta
854 3016 931 3060 Godd.
946 3015 987 3073 (C.
1000 3012 1044 3070 E.)
1055 3015 1116 3059 Edd.
1131 3021 1188 3062 vett.
1203 3023 1256 3060 ten-

132 3085 176 3130 dat
193 3085 346 3129 committere
364 3085 402 3129 Pii
418 3086 581 3144 erernplaria,
600 3085 703 3130 tendunt
719 3087 882 3130 committere.
897 3087 926 3130 Α.
948 3087 1053 3130 tentarit
1065 3084 1167 3129 credere
1180 3086 1211 3130 1..
1224 3087 1255 3132 ll.

131 3169 194 3210 „per
212 3155 386 3199 exsecrandum
404 3154 497 3198 facinus
516 3159 539 3197 et
558 3155 727 3200 detestabile.''
744 3157 817 3200 Wak.
844 3156 941 3199 Anninus
961 3160 1057 3200 noster:
1079 3154 1196 3199 creduint
1215 3170 1257 3211 per

132 3224 321 3279 synecphonesin
340 3237 385 3278 pro
403 3223 574 3278 crediderint;
604 3223 716 3283 confiso,
747 3239 812 3270 urica
830 3226 883 3270 sint
901 3239 977 3279 orco,
1007 3226 1114 3282 quamvis
1133 3224 1257 3271 deficiente

133 3295 258 3350 exemplo;
278 3292 380 3337 creduis
399 3295 494 3351 quidem
512 3299 536 3337 et
555 3292 654 3338 crederit
672 3295 744 3339 habes
763 3297 824 3350 upud
842 3297 963 3341 Plautum.
1000 3295 1096 3339 Etenim
1115 3297 1198 3340 adduci
1216 3297 1257 3342 ille

131 3364 193 3408 haud
211 3368 319 3418 poterat,
350 3369 375 3407 ut
393 3378 446 3408 curn
465 3365 507 3407 W.
527 3366 555 3408 ad
574 3378 598 3409 v.
618 3363 724 3408 credunt
742 3367 880 3420 suppleret:
910 3362 1070 3422 philosophi,
1097 3364 1258 3420 Empedocles

133 3435 187 3478 scil.
207 3447 245 3488 ap.
265 3433 499 3478 Pseudo-Plutarch.
519 3435 546 3478 de
565 3435 659 3489 placitis
673 3434 732 3490 phil.
748 3432 777 3488 5,
794 3433 836 3480 26.
851 3441 874 3479 et
885 3436 1066 3491 Theophrastus
1080 3449 1118 3491 ap.
1133 3437 1256 3491 Porphyr.

133 3506 160 3549 de
180 3504 267 3548 abstin.
289 3501 319 3558 2,
340 3501 364 3548 5.
385 3505 460 3548 Forh.
481 3505 551 3548 amici
569 3505 616 3548 mei
638 3505 702 3548 coni.
723 3504 838 3549 creduint
858 3507 959 3560 recepit.
1000 3506 1102 3550 Poterat
1121 3508 1258 3551 mehercule

131 3575 219 3618 aurelius
239 3575 311 3619 etiam
328 3573 426 3618 creduli
443 3575 496 3620 scil.
517 3580 596 3619 terra:
629 3577 756 3619 dummodo
781 3576 840 3619 haec
857 3576 936 3620 forma
956 3581 1020 3620 esset
1038 3576 1139 3632 perlecti
1159 3578 1258 3620 coniun-

132 3647 204 3701 etivi;
224 3646 286 3702 quod
305 3644 366 3687 falso
386 3645 482 3689 tradunt
501 3644 657 3690 Gramruatici
678 3651 701 3690 et
718 3645 895 3705 Lexicographi
914 3648 1037 3690 nonnulli:
1069 3648 1111 3690 sed
1136 3645 1257 3700 creduis,

131 3714 230 3759 creduit
248 3715 309 3770 apud
328 3714 456 3769 Plautum,
485 3721 513 3759 ut·
533 3714 602 3758 decim
628 3721 651 3760 et
671 3715 791 3771 perduim
816 3721 862 3761 cet.
888 3731 985 3773 semper
1004 3721 1041 3761 est
1058 3729 1173 3771 praeseus
1193 3717 1257 3760 coni.

131 3784 293 3828 Nihilominus
312 3786 429 3829 sententia
448 3785 576 3829 irrauilesto
595 3786 721 3842 requirere
740 3787 849 3841 videtur,
882 3790 944 3844 quod
969 3787 1051 3831 arrdaci
1071 3788 1258 3841 interpolatione

131 3855 211 3898 intulit
228 3855 312 3898 Lamb.
332 3855 437 3899 tentarit
460 3853 573 3898 eredere.
610 3857 701 3899 Verum
726 3870 786 3899 nunc
813 3871 918 3903 censeo:
945 3858 1059 3910 crerint,
1091 3857 1258 3910 decreverint,

132 3925 275 3978 iudicarint,
290 3925 426 3970 statuerint.
447 3925 534 3972 Catutl.
548 3925 629 3979 Epith.
643 3926 697 3970 Pel.
715 3923 772 3971 150.
792 3925 878 3971 Potina
889 3941 1040 3988 germanum
1054 3928 1169 3971 omittere
1179 3928 1257 3970 crevi.

132 3994 211 4038 Locus
227 3999 306 4039 autem
319 3995 478 4051 Theophrasti
492 3997 553 4049 apud
565 3994 728 4049 Porphyrium
744 3997 781 4040 hic.
800 4003 849 4042 est:
870 3991 1067 4061 Ἔμπεδεκλῆς
1080 3995 1182 4063 πρῶτα
1200 3992 1260 4046 τῶν

133 4059 213 4126 ζώων
231 4059 269 4114 τὰ
287 4061 392 4135 δένδρα
410 4062 443 4113 ἐκ
456 4062 510 4130 γῆς
528 4059 675 4114 ἀναδῦναί
691 4079 794 4129 φησιν.
814 4090 846 4100 ——
865 4063 977 4137 Δένδρα
994 4065 1049 4131 μὲν
1068 4063 1125 4137 γὰρ
1143 4063 1181 4132 δὴ
1201 4063 1259 4136 πρὸ

133 4129 215 4196 ζώων
234 4127 378 4183 ἀνέδωκεν
396 4130 415 4199 η’
434 4133 487 4200 γῆ·
518 4130 577 4184 τῶν
602 4132 730 4205 δένδρων
756 4132 787 4184 δὲ
806 4132 880 4186 πολὺ
901 4133 1033 4207 πρόσθεν
1053 4134 1108 4202 τὴν
1126 4135 1266 4191 ἐπέτειον,

133 4204 318 4269 γεννωμένην
336 4200 423 4253 πόαν.
468 4203 526 4251 787.
548 4205 575 4249 in
587 4205 709 4250 rnembris
722 4206 751 4250 L.
766 4207 796 4252 li.
842 4205 900 4252 789.
921 4208 999 4252 corda
1016 4222 1076 4253 unus
1090 4210 1150 4256 Cod.
1169 4207 1200 4254 Ο.
1216 4209 1259 4254 W.

133 4277 242 4337 desertus
257 4279 286 4319 ab
301 4274 395 4322 Eichst.
424 4275 513 4330 Recte,
542 4281 614 4331 pulo,
636 4277 692 4322 licet
710 4276 784 4323 Forb.
806 4290 899 4337 quoque
919 4279 1061 4335 praetulerit
1079 4278 1176 4334 cordo,
1197 4281 1260 4338 quod
