2782 4762
160 325 243 386 Nata
266 318 426 383 coronatis
451 317 547 381 Musa
569 312 744 394 triumphat
765 308 875 394 equis,

97 407 139 488 Et
163 445 283 487 mertun
306 423 336 484 in
360 441 460 484 curru
481 415 575 500 parri
600 424 764 478 vectantur
786 413 924 475 Ainores

161 526 427 608 Scriptornmque
452 538 537 583 ineas
561 519 653 581 turbe
677 525 785 577 secuta
807 523 910 575 rotas.

99 629 185 709 Quid
206 628 324 692 frustra
349 624 450 687 missis
473 622 576 684 inme
599 616 727 681 certatis
750 611 907 676 habenis?

162 731 237 792 Non
263 731 356 790 datiir
378 727 417 786 ad
439 725 551 787 Musas
576 739 706 784 currere
729 718 791 780 late
814 716 878 779 via.

98 830 215 905 Multi,
242 832 368 902 Roma,
395 838 465 888 trias
488 825 595 887 laudes
618 818 783 883 annalibus
805 821 943 891 addent,

164 930 228 1012 Qui
251 931 344 993 finem
368 926 494 1009 imperii
517 926 635 987 Baetra
658 923 765 986 sutura
787 931 922 983 canent:

101 1036 181 1108 Sed,
209 1034 295 1116 quod
318 1051 396 1112 pare
418 1030 527 1112 legas,
553 1047 635 1109 opius
658 1027 721 1088 hoe
743 1026 781 1086 de
805 1032 912 1085 monte
935 1021 1092 1084 Sororum

128 1208 130 1213 ¹
165 1135 287 1199 Detulit
310 1133 425 1194 intaeta
448 1131 565 1213 pagina
589 1138 699 1189 nostra
723 1124 786 1189 ria.

102 1235 239 1310 Mollia,
265 1233 462 1318 Pegasides,
488 1243 596 1294 vestro
619 1231 689 1290 date
711 1237 796 1290 serta
819 1225 963 1308 politae:
1020 1276 1022 1281 .

164 1340 239 1400 Non
261 1336 357 1398 laniet
379 1334 475 1415 rapiti
497 1335 574 1407 dura
598 1351 721 1394 corona
744 1349 828 1391 aureo.

102 1442 148 1503 At
170 1439 261 1512 mihi,
287 1439 373 1522 quod
397 1435 473 1498 rivo
496 1431 671 1497 detraxerit
692 1431 799 1495 invida
823 1431 939 1505 turba,

141 1547 144 1554 “
165 1543 246 1605 Post
270 1538 392 1602 obitum
415 1535 533 1619 duplici
555 1535 668 1598 fenore
691 1536 803 1596 reddet
824 1535 955 1597 Honos.

105 1642 220 1708 Omnia
242 1652 318 1722 post
341 1638 462 1704 obitum
484 1637 578 1721 fingit
602 1637 723 1700 inaiora
748 1633 928 1699 vetustasa'

166 1743 275 1807 Maius
298 1745 337 1804 ab
360 1740 521 1824 exsequiis
544 1760 659 1802 nomen
682 1738 711 1800 in
735 1758 793 1800 ora
816 1735 917 1800 venit.

102 1848 184 1909 Nam
209 1845 278 1928 quis
302 1864 385 1926 equo
408 1843 516 1924 piilsas
539 1839 680 1925 abiegno
702 1850 849 1903 nosceret
871 1859 960 1900 arces
1180 1839 1220 1902 25

167 1946 374 2030 Fluminaque
397 1943 577 2026 Haemonia
600 1941 750 2006 eominus
768 1940 831 2004 isse
854 1939 944 2014 viro,

103 2053 234 2116 Idaeum
258 2050 442 2124 Simoenta,
467 2046 559 2112 Iovis
580 2036 736 2108 erinabula
760 2043 871 2126 parvi,

167 2156 311 2216 Hectora
333 2172 393 2233 per
414 2170 545 2231 eainpos
566 2160 617 2211 ter
640 2147 815 2210 maenlasse
835 2144 948 2209 rotas?

103 2255 373 2337 Deiphobumque
396 2251 617 2336 Helenumque
640 2262 671 2312 et
693 2250 923 2328 Polydamanta
946 2259 979 2312 et
995 2249 1033 2311 ¹in
1056 2249 1151 2312 arianis

1184 2352 1199 2379 θ

168 2356 429 2437 Qualemeunque
452 2353 549 2417 Parin
576 2352 629 2415 vix
651 2373 706 2414 sua
729 2362 839 2415 nosset
861 2353 988 2415 liuiuus.
1182 2354 1223 2415 ol)

107 2456 240 2540 Exiguo
263 2477 411 2520 sermone
432 2455 522 2519 sores
543 2476 644 2531 niune,
669 2453 752 2518 Ilion
775 2465 806 2517 et
828 2465 861 2516 tu

105 2672 158 2705 cain
182 2659 287 2715 hancque
318 2657 469 2713 potissimum
501 2671 554 2702 sum
584 2659 726 2702 aemulatus.
783 2656 807 2702 5.
833 2657 956 2702 tenuastis
975 2672 1035 2703 nore
1056 2659 1144 2702 dietum
1162 2671 1221 2714 pro:

106 2729 244 2781 „tenuiter,
276 2741 368 2770 sumnia
385 2740 439 2771 cuin
458 2731 510 2770 arte
527 2727 735 2781 eoiiiposuistis”:
756 2731 806 2770 tuni
825 2740 848 2770 ν.
869 2723 913 2771 6.:
935 2741 980 2784 qua
999 2741 1154 2773 nutrierorum
1172 2730 1221 2772 ele·

105 2798 230 2855 giarorum
242 2800 295 2840 arte
309 2800 357 2839 tarn
370 2795 480 2838 absoluta
494 2797 530 2838 usi
544 2795 612 2840 estis.
652 2793 676 2840 ⁶.
696 2809 773 2854 queue
785 2794 835 2839 did.
849 2795 911 2839 uad.
924 2800 982 2840 uett.
996 2797 1083 2840 Valelr.
1100 2793 1146 2843 ill.
1166 2802 1225 2840 notu

95 2854 277 2911 'tn1.eoni.a
304 2865 402 2909 erbm.
427 2864 451 2908 in
476 2863 521 2912 Ed.
549 2878 587 2919 pr.
615 2869 726 2919 recente,
755 2878 782 2909 ae
801 2868 883 2918 postea
901 2865 983 2908 multis
1001 2863 1111 2920 probata.
1149 2865 1223 2911 Recte

79 2971 83 2975 .
105 2937 153 2979 lea.
175 2939 199 2979 et
216 2932 405 2978 L2.'redieruut
422 2935 450 2977 ad
470 2934 524 2978 leet.
545 2939 621 2978 ueto:
642 2934 698 2988 ,rui
717 2945 762 2990 ego
781 2934 899 2992 originem
918 2935 987 2986 dedi,
1006 2947 1066 2991 qnae
1085 2948 1098 2977 a
1116 2946 1154 2978 me
1167 2948 1225 2989 pro·

105 3001 248 3048 tieisritur.”
266 3002 318 3046 Cir.
338 3015 361 3046 r.
384 2999 425 3046 18.
484 2999 524 3046 12.
549 3002 703 3060 scripturum
726 3002 833 3059 uterique
855 3002 1043 3057 interpretantur
1061 3006 1222 3058 „preteream

107 3087 145 3118 ine
164 3073 217 3116 scil.
234 3071 392 3124 imitantium,
423 3073 494 3115 etiem
513 3074 670 3116 aeiantoeuin.
717 3073 764 3116 Sed
784 3072 852 3124 ride,
883 3086 912 3116 ne
932 3074 1001 3129 longe
1020 3073 1152 3130 elegantius
1171 3086 1224 3116 rum

107 3141 236 3186 timoribus
254 3143 394 3195 repulsatur
411 3141 518 3197 scripte,
537 3142 644 3184 earmina
662 3141 737 3195 ipsius
755 3141 893 3195 Propertii,
912 3154 975 3198 quiae
986 3141 1054 3198 quasi
1069 3143 1141 3186 uitam
1154 3146 1224 3200 atque

106 3209 325 3265 eorpus'aabentia
342 3223 439 3253 currum
458 3211 509 3254 eins
528 3210 694 3264 triumphalem
724 3209 907 3266 subsequantur.
957 3211 1020 3254 'suin
1041 3223 1070 3255 ex
1091 3212 1224 3266 irnproviso

34 3330 36 3335 ¹
107 3279 255 3324 convertitur
273 3280 302 3322 ad
320 3279 427 3323 aernulos
444 3280 551 3332 poeticae
569 3279 679 3336 gloriae,
700 3279 731 3322 ita
755 3291 797 3322 eos
810 3278 950 3332 increpans:
970 3279 1046 3336 „Quid
1063 3279 1154 3324 frustra
1175 3293 1225 3324 rne-

108 3361 162 3392 cum
177 3345 309 3391 rei-tetisi'·
324 3347 418 3392 Nemini
443 3358 584 3392 eoncessum
603 3353 654 3401 est,
688 3349 749 3400 lata,
769 3349 895 3401 propatula
914 3348 1010 3392 illaria
1029 3352 1053 3392 et
1070 3363 1084 3392 e
1103 3350 1224 3405 plerisque

110 3418 181 3471 trita,
213 3417 287 3472 (epiri
314 3417 336 3461 in
362 3417 446 3470 primis
464 3415 587 3471 earininls)
606 3417 629 3460 io
652 3417 777 3459 Musarum
801 3416 933 3460 sacrarium
953 3421 1096 3471 penetrare,
1121 3418 1145 3461 id
1164 3419 1225 3473 quod

108 3485 166 3530 inibi
182 3485 309 3542 contigit?
343 3486 426 3528 Monui
446 3485 491 3529 boe
508 3485 610 3529 menime
627 3490 726 3541 propter
743 3485 879 3529 Bellerum
889 3516 896 3540 ,
917 3487 957 3542 qui
971 3486 1014 3530 hae
1033 3487 1151 3530 sententie
1163 3485 1224 3529 band

109 3559 234 3609 perspecta
252 3555 348 3598 volebat
372 3567 415 3609 pei·
438 3555 672 3611 interrogationem,
703 3555 764 3598 uiira
783 3555 896 3599 ratione:
916 3553 972 3599 Noa
990 3553 1066 3598 datur
1084 3553 1119 3598 ud
1135 3551 1226 3598 llInrrr

108 3636 212 3666 currere
229 3623 282 3666 tutu
301 3622 361 3666 riu?
384 3625 387 3631 ’
415 3621 457 3667 16.
477 3628 570 3666 renunt
588 3624 648 3666 Cod.
673 3622 803 3680 Groniag„
825 3624 866 3667 sed
891 3638 913 3667 v.
940 3624 1046 3668 llnsrbli.
1067 3626 1096 3668 ad
1114 3623 1171 3667 Tib.
1192 3620 1224 3676 4,

109 3692 140 3736 l.
162 3688 203 3736 36.
241 3689 284 3735 26.
303 3690 469 3736 Haemonium
483 3692 591 3736 -virum
609 3692 693 3736 Heius.
712 3717 745 3726 —
764 3693 894 3747 Achillem,
916 3693 1076 3747 Thessalum,
1096 3693 1224 3751 iutelligit,

109 3773 211 3817 quorum
229 3761 339 3804 Xaiithns
358 3775 379 3805 s.
399 3763 544 3806 Seninaader
561 3775 575 3805 a
593 3762 715 3806 Simoente
733 3761 842 3815 adiutus,
863 3775 1007 3821 congressus
1033 3768 1070 3806 est
1092 3776 1116 3826 ν.
1136 3763 1164 3810 ll·
1185 3775 1224 3822 φ,

109 3827 170 3874 210.
225 3827 268 3874 27.
297 3831 387 3874 Mixtus
406 3831 429 3874 h.
454 3832 470 3873 l.
492 3834 517 3873 ut
539 3831 600 3874 alias
624 3843 732 3887 quoqne,
763 3831 855 3875 tabulae
883 3832 1011 3877 Cretenses
1043 3838 1066 3876 et
1093 3832 1224 3889 Pbrygiae.

108 3899 165 3952 (eir.
185 3899 273 3943 Strabo
293 3897 339 3952 10,
367 3896 403 3952 7.)
435 3899 533 3943 Laebin.
565 3900 588 3943 iu
612 3899 658 3943 Ed.
691 3912 728 3954 pr.
754 3899 814 3944 hune
841 3913 938 3944 versura
965 3901 1072 3956 spurium
1094 3901 1225 3954 iudicarit,

108 3969 160 4012 siae
179 3982 262 4024 eausa,
295 3970 390 4024 opinor.
445 3965 487 4012 28.
513 3982 583 4029 „Per
601 3982 624 4012 c.
644 3970 727 4012 eilanes
750 3970 810 4012 Cdd.
832 3972 925 4022 teuent,
946 3984 989 4014 nee
1010 3975 1047 4014 est
1069 3972 1131 4027 qnod
1145 3971 1168 4014 in
1189 3975 1227 4014 ter

108 4033 226 4082 mutemus
245 4052 297 4082 enin
316 4037 405 4096 Vulg.”
423 4037 470 4080 lar.
539 4034 583 4082 2¹).-
600 4035 796 4097 Polydumnuter
820 4036 960 4091 (Antenoris
979 4036 1043 4083 filins
1062 4039 1224 4095 Polydamas,

109 4107 233 4161 prudentia
252 4107 340 4151 clarus.
360 4107 390 4151 ΙΙ.
412 4103 441 4159 6,
462 4102 536 4163 249.)
554 4106 580 4150 iu
599 4107 679 4150 ermis
695 4106 773 4151 Codd.
797 4104 982 4164 Polydamante
997 4107 1043 4152 aud
1061 4109 1142 4154 armis
1161 4108 1225 4152 ltali.

106 4174 292 4234 Polydamanta
310 4175 365 4220 riae
384 4175 464 4219 erinis
482 4176 546 4220 Seal.
567 4174 613 4230 B.,
636 4177 673 4221 eni
693 4176 792 4221 boehm.
813 4175 875 4220 roni.
896 4176 1061 4231 praetulimus.
1116 4174 1158 4222 32.
1179 4176 1225 4221 Oe·

105 4245 159 4289 ‘turi
178 4245 297 4290 Herculis.
