2782 4762
70 237 74 243 -
164 195 225 256 172

165 351 198 414 si
220 362 252 414 te
274 351 361 413 forte
383 351 494 413 iurant
515 352 628 414 Helles
654 351 900 415 Athamantidos
922 355 1018 416 urbes

225 456 297 518 Nec
319 453 496 529 desiderio,
523 455 636 529 Tulle,
661 475 792 518 movere
816 476 912 531 meo,

164 558 216 620 Tu
239 556 313 621 lieet
334 556 491 638 adspicias
515 557 636 618 caelum
660 578 753 621 omne
776 557 905 619 Atlanta
929 569 1092 640 gerentem

227 659 383 745 Sectaque
407 659 527 721 Persea
551 656 733 721 Phorcidos
757 679 815 719 ora
838 679 949 733 manu,
1082 726 1085 731 ,

164 763 338 841 Geryonae
364 760 487 831 stabula
510 769 541 820 et
561 760 734 820 luctantum
757 759 788 820 in
811 761 946 840 pulvere
971 762 1061 845 signa

223 861 375 926 Herculis
398 860 581 943 Antaeique
604 860 881 943 Hesperidumque
905 863 1044 939 choros,

162 966 279 1046 Tuque
302 975 359 1026 tuo
383 961 540 1026 Colchum
564 962 727 1043 propellas
750 962 871 1046 remige
893 963 1014 1027 Phasin

224 1065 434 1148 Peliacaeque
456 1063 554 1126 trabis
576 1074 680 1131 totum
701 1064 761 1127 iter
782 1065 852 1146 ipse
875 1066 983 1149 legas,

164 1168 235 1247 Qua
257 1166 345 1230 rudis
367 1169 483 1249 Argoa
505 1177 591 1228 natat
613 1165 795 1229 interserta
818 1168 967 1230 columba

225 1270 262 1331 In
286 1268 398 1331 faciem
422 1288 540 1350 prorae
562 1265 657 1348 pinus
681 1270 788 1336 adacta
811 1289 935 1332 novae:

160 1371 205 1436 Et
226 1370 275 1447 si,
300 1391 362 1454 qua
387 1368 543 1452 Ortygiae
566 1368 695 1430 visenda
718 1380 767 1431 cst
790 1390 848 1432 ora
871 1369 1004 1451 Caystri
1075 1433 1077 1437 .

226 1474 270 1535 Et
292 1493 353 1554 qua
375 1482 521 1552 septenas
544 1481 700 1552 temperat
723 1473 804 1532 unda
829 1472 918 1547 rias,

163 1574 277 1638 Omnia
301 1575 468 1636 Romanae
491 1574 605 1634 cedent
631 1571 929 1636 miraculaterrae:

131 1685 134 1689 ’
226 1677 348 1738 Natura
369 1673 423 1737 hic
450 1673 575 1754 posuit,
600 1673 754 1756 quidquid
780 1673 900 1757 ubique
923 1676 998 1739 luit.

163 1776 275 1841 Armis
297 1787 369 1858 apta
393 1774 493 1858 magis
515 1776 609 1838 tellus
633 1796 725 1856 quam
751 1779 920 1839 commoda
942 1798 1070 1853 noxae,

226 1880 357 1942 Famam
367 1872 383 1952 ,⁸
403 1878 527 1949 Romu,
551 1887 625 1938 tuae
648 1898 712 1939 uon
735 1878 833 1957 pudet
856 1877 1029 1943 historiae:

161 1983 243 2045 Nam
266 1990 416 2065 quantum
440 1978 551 2053 ferro,
576 1987 696 2040 tantum
720 1978 836 2058 pietate
858 1991 1006 2060 potentes

228 2085 374 2155 Stamus3
399 2078 547 2142 victrices
570 2089 728 2159 temperat
749 2079 798 2141 ira
821 2082 943 2144 manus.

161 2185 225 2252 Hie
248 2182 334 2247 Anio
359 2181 505 2245 Tiburne
527 2180 622 2256 fluis,
648 2179 827 2248 Clitumnus
851 2186 890 2244 ab
913 2186 1038 2248 Umbro

226 2284 368 2348 Tramite
391 2295 422 2345 et
445 2294 607 2345 aeternum
630 2282 775 2345 Marcius
797 2284 912 2348 humor
935 2308 1043 2367 opus,

161 2389 307 2452 Albanus
329 2386 417 2447 lacus
441 2396 473 2446 et
496 2383 583 2447 socia
608 2385 819 2447 Nemorensis
842 2389 882 2447 ab
905 2390 987 2450 unda

226 2482 375 2571 Potaque
399 2480 543 2581 Pollucis
569 2486 699 2568 lympha
723 2486 860 2549 salubris
887 2509 985 2571 equo.

233 2669 257 2717 7.
283 2669 369 2726 „Licet
400 2670 547 2725 Hellesponti
573 2670 663 2723 urbes,
692 2671 803 2723 Atlanta,
824 2670 983 2715 Mauritaniae
1000 2671 1141 2730 Tingitanae
1159 2679 1284 2727 montem,

162 2741 287 2800 Gorgades
299 2741 390 2784 insulas
404 2738 513 2794 (aloinum
532 2745 557 2781 ut
576 2739 663 2792 aiunt,
683 2738 819 2796 aliquando
838 2737 1004 2799 Gorgonum
1023 2743 1105 2794 Mela,
1128 2739 1152 2794 3,
1175 2739 1221 2797 9.),
1243 2743 1286 2786 ubi

161 2812 267 2856 Perseus
286 2811 415 2862 Medusae,
447 2808 536 2851 Phorci
555 2805 636 2861 filiae,
662 2813 732 2862 caput
749 2809 893 2863 amputavit,
913 2809 1054 2863 Erythianr,
1081 2809 1208 2862 Geryonae
1227 2813 1287 2855 olim

161 2881 346 2932 habitationem,
376 2882 400 2922 et
421 2876 505 2920 Antaei
525 2878 617 2936 regiam
634 2879 740 2921 lrassam
759 2879 788 2920 ad
806 2879 917 2931 paludem
937 2879 1105 2938 Tritonidem‚
1126 2880 1286 2934 hesperidum

161 2951 246 2994 hortos
273 2950 296 2992 iu
316 2947 448 3001 Cyrenaica
469 2947 527 2989 olim
551 2947 629 3000 sitos,
649 2946 784 2998 Phasidos,
806 2946 917 3000 Caystri,
944 2947 1039 3004 Nilique
1059 2961 1115 2991 oras
1134 2950 1284 3004 perlustres,

162 3024 241 3062 tatuen
260 3017 320 3060 nihil
338 3016 461 3066 iuvenies,
482 3016 544 3071 quod
569 3015 651 3059 ltaliae
676 3015 811 3070 comparari
830 3017 933 3070 possit.”
950 3017 1033 3060 Burin.
1053 3021 1076 3060 et
1090 3017 1164 3062 linio.
1185 3018 1285 3073 -Alii

161 3102 184 3132 v.
214 3085 255 3132 16.
282 3084 419 3142 intelligunt
442 3084 548 3128 Rhesum
580 3098 600 3128 s.
626 3084 733 3128 Rhebam
754 3086 792 3128 ΓΙ.
816 3084 840 3128 in
859 3085 970 3128 faucibus
992 3086 1094 3140 Bospori
1115 3086 1181 3131 Pliu.
1207 3084 1236 3140 6,
1259 3085 1284 3130 1.

162 3170 233 3214 quem
252 3149 420 3221 ἑπτάποροι)
438 3153 498 3196 dixit
517 3152 615 3196 Nonnus
633 3153 733 3207 Dionys.
759 3151 787 3206 3,
810 3150 868 3199 193.
927 3151 967 3199 13.
994 3156 1148 3209 „Supplent:
1169 3169 1225 3198 cum
1238 3154 1286 3199 Ar-

162 3238 213 3286 goa
231 3221 360 3274 columba,
381 3222 443 3278 quod
462 3218 515 3266 lieri
532 3223 621 3278 nequit.
636 3224 716 3266 Vatie.
738 3219 761 3267 5.
782 3221 925 3281 Argodnce.
946 3223 1030 3267 Unus:
1051 3222 1142 3268 Areon.
1162 3223 1227 3282 Lege
1240 3225 1286 3282 igi-

162 3300 221 3338 tur:
252 3291 306 3350 Qua
325 3288 387 3334 duee
406 3286 517 3333 Chaonia
535 3304 587 3339 —;
607 3305 692 3335 versus
717 3292 878 3346 corruptelam
897 3292 1016 3336 contraxit
1035 3306 1047 3335 e
1066 3293 1119 3335 loco
1138 3293 1229 3346 simili,
1250 3291 1285 3346 2,

163 3361 211 3416 26,
234 3358 275 3406 39.
297 3372 370 3418 quom
388 3357 460 3403 rudia
478 3357 566 3417 Argue
584 3358 647 3403 Dux
668 3365 724 3403 erut
742 3361 828 3420 ignoto
850 3359 1057 3404 misaccolnmha
1070 3361 1163 3405 anuriss’
1178 3361 1284 3405 lluschlt.

162 3435 192 3477 ad
208 3431 264 3475 Tib.
283 3426 313 3483 1,
342 3426 371 3481 1,
399 3424 440 3472 70.
484 3429 557 3472 Recte
586 3429 681 3485 quidem
705 3430 734 3472 ad
756 3429 913 3482 senteutiam,
945 3431 987 3473 sed
1008 3442 1094 3483 parum
1116 3429 1285 3484 probabiliter.

162 3503 224 3547 lllud
244 3500 324 3544 Vatic.
346 3495 370 3542 5.
392 3496 540 3556 Argoduee,
569 3498 602 3542 nil
621 3499 684 3542 aliud
707 3502 760 3550 est,
793 3498 838 3541 uisi
864 3499 984 3556 glossema
1008 3498 1138 3542 ablativum
1162 3499 1229 3542 illum
1244 3512 1286 3542 ex·

162 3572 268 3629 plicans:
302 3557 391 3627 Argoa
416 3568 473 3610 duce
493 3565 616 3610 eolrtrubu.
673 3564 714 3610 15.
738 3566 814 3610 eota.
836 3567 859 3609 σι’
877 3579 925 3624 qua
944 3567 1017 3626 erige
1035 3568 1073 3610 rel
1091 3567 1190 3627 erigere.
1210 3591 1244 3601 -
1263 3569 1288 3612 ei

163 3653 240 3700 quoue
266 3635 391 3695 olorigeri
419 3635 473 3678 ltali
502 3640 616 3679 correcti.
647 3657 674 3667 -
704 3633 736 3678 Et
753 3649 802 3693 qua
822 3632 926 3694 Gyguei
943 3637 993 3678 alii.
1013 3634 1057 3689 (Et
1075 3636 1099 3679 si
1117 3651 1165 3694 qno
1184 3635 1290 3697 Gygaeo}

163 3710 237 3755 Kuin.
251 3708 313 3751 miro
326 3701 436 3758 errore.)
444 3727 476 3738 -
486 3704 533 3748 Alii
543 3701 576 3749 Et
588 3704 611 3748 ai
621 3717 669 3762 quo
682 3701 803 3763 ortygii,
814 3706 875 3748 unde
885 3704 983 3748 Lachm.
997 3717 1004 3748 ι
1016 3726 1052 3737 -
1061 3703 1094 3749 Et
1103 3705 1136 3760 at,
1150 3720 1200 3763 quc
1210 3704 1287 3764 Orty·

163 3780 239 3839 gire,
259 3773 440 3834 ,qna-caysus
459 3787 503 3816 ora
522 3777 558 3818 est
581 3779 630 3816 tam
648 3773 726 3818 vicina
746 3773 787 3816 illa
805 3772 920 3831 Ortygiae
940 3774 1018 3828 (vetus
1037 3773 1126 3829 Ephesi
1145 3789 1232 3818 nornen
1251 3779 1289 3818 est

164 3849 229 3892 Ptin.
247 3845 271 3890 5.
292 3842 359 3902 20),
380 3848 406 3886 ut
423 3843 478 3886 huic
496 3843 595 3887 visenda
609 3842 666 3886 sit.’'
721 3839 763 3886 22.
783 3842 916 3886 illuCodd.
931 3843 989 3899 aliq.
1009 3843 1093 3886 Burin.
1150 3842 1192 3888 25.
1212 3842 1287 3887 Atta-

164 3928 260 3974 nueque
278 3915 351 3958 leena
377 3911 443 3956 socii
469 3911 530 3956 Cod.
553 3909 577 3954 1.
597 3931 628 3944 -
645 3909 806 3969 Albanasque
830 3912 903 3955 luens
923 3913 994 3955 socia
1017 3911 1092 3956 Codd.
1115 3909 1139 3955 l.
1161 3933 1195 3945 ··-
1213 3911 1288 3957 Atta·
1334 3935 1337 3941 ·

163 3997 213 4030 nne
239 3984 313 4027 laeua
339 3987 363 4026 et
385 3980 451 4025 socii
475 3980 559 4025 ceteri.
589 3978 650 4025 Cum
672 3979 770 4024 Lachm.
805 3981 881 4024 secuti
903 3993 984 4024 suiuus
1012 3980 1058 4024 Ed.
1084 3983 1147 4025 Veu.
1170 3977 1244 4026 1500.
1265 3985 1289 4025 et

164 4052 310 4105 Francium,
331 4065 403 4108 quum
422 4055 548 4107 utrumque¹
568 4050 646 4093 laeum
664 4049 751 4092 iisdem
765 4061 793 4093 ex
811 4048 917 4093 lontibus
938 4050 997 4094 oriri
1017 4054 1119 4094 constet.
1160 4047 1201 4095 26.
1222 4051 1288 4110 lym-

162 4121 214 4180 pha
232 4120 308 4163 Codd.
330 4119 446 4175 plerique.
467 4143 499 4153 -
526 4115 648 4177 Nympha
668 4119 750 4176 vulgo.
769 4117 814 4161 cfr.
833 4121 861 4162 ad
884 4118 958 4162 Lucr.
983 4116 1012 4172 6,
1044 4115 1119 4163 1173.
1144 4125 1167 4164 et
1189 4119 1286 4163 Lachm.

164 4207 189 4248 p.
210 4184 271 4234 215.
299 4188 337 4231 ubi
365 4188 432 4231 locos
460 4189 575 4244 quosdam
600 4187 685 4240 affert,
716 4186 740 4230 in
759 4187 845 4244 quihus
864 4200 888 4230 r.
914 4185 1020 4247 lympha
1038 4202 1084 4231 non
1103 4185 1223 4246 Nympha
1241 4188 1288 4246 legi

166 4259 251 4311 debet,
280 4256 387 4315 quamvis
409 4255 604 4301 dissentientibus
623 4268 693 4310 saepe
719 4260 742 4299 et
766 4256 827 4301 Mss.
859 4261 883 4301 et
907 4257 1007 4303 criticis.
1035 4258 1120 4301 Horat.
1140 4257 1217 4313 Epod.
1241 4255 1287 4310 16,
