2782 4762
1238 182 1302 245 207

127 334 143 365 ‘⁴'
181 354 422 437 Censoremque
445 363 532 417 tuum
555 352 607 416 rel
630 352 719 435 quod
741 350 886 413 trabeate
907 344 1051 413 salutas?

179 459 233 521 Ad
255 457 410 539 populum
433 456 595 537 phaleras.
640 457 718 533 Ego
742 465 773 516 te
794 453 878 516 intus
901 452 985 516 etin
1010 461 1083 513 cute
1105 445 1197 513 nori.
1263 445 1305 507 30

180 562 256 623 Non
281 562 381 641 pudet
402 560 441 621 ad
464 578 585 620 morem
609 555 755 619 discincti
778 554 892 619 rivere
913 550 1055 617 Nattae?
1105 548 1120 557 ”

180 664 245 726 Sed
267 674 373 744 stupet
397 664 452 728 hic
481 660 560 723 vitio
584 658 614 723 et
636 660 727 721 fibris
750 657 886 721 increvit
910 656 1050 739 opimum

181 765 333 849 Pingue:
359 775 445 827 caret
471 766 586 845 culpa3
610 760 811 845 nescit-quid
836 763 950 843 perdat
974 771 1006 822 et
1028 761 1092 822 alto

180 869 373 942 Demersus,
399 887 517 928 summa
540 886 651 927 rursus
678 885 742 928 non
764 863 858 926 bullit
880 862 913 925 in
939 864 1035 925 unda.
1100 916 1105 925 .

182 970 306 1054 Magne
331 981 424 1050 pater
447 971 576 1043 diutim,
599 987 715 1030 saevos
737 965 851 1047 punire
873 977 1027 1045 tyrannos

181 1074 279 1137 Haud
302 1073 360 1134 alia
382 1069 507 1134 ratione
532 1069 627 1144 velis,
655 1089 751 1152 quom
774 1068 842 1130 dire
865 1067 965 1130 libido

181 1175 330 1238 Moverit
350 1170 508 1257 ingenium
532 1170 672 1234 ferventi
694 1170 791 1233 tincta
813 1192 964 1234 veneno:

182 1276 346 1339 Virtutem
371 1277 496 1338 videant
519 1274 782 1356 intabescantque
804 1275 933 1336 relicta!

182 1380 276 1442 Anne
297 1377 399 1461 magis
423 1377 521 1440 Siculi
546 1388 733 1459 gemuerunt
756 1397 831 1438 aera
858 1374 1006 1450 iuvenci,

183 1484 227 1545 Et
250 1481 351 1563 magis
377 1479 493 1542 auratis
515 1481 656 1560 pendens
679 1478 882 1562 laquearibus
903 1478 986 1541 ensis

182 1584 368 1665 Purpureas
392 1585 503 1645 subter
525 1585 668 1645 cervices
692 1581 825 1656 terruit,
851 1628 865 1655 ,‚
874 1582 977 1657 imus,

182 1688 270 1749 lmus
291 1684 483 1767 praccipites
497 1685 528 1759 ’',
554 1706 646 1766 quam
670 1684 696 1745 si
719 1683 781 1745 sibi
803 1684 885 1746 dicat
910 1696 942 1747 et
966 1684 1049 1747 intus

182 1788 308 1852 Palleat
329 1787 456 1862 infelix,
482 1788 570 1867 quod
590 1785 738 1866 proxima
760 1785 879 1848 nesciat
905 1785 1016 1849 rrxor?
1038 1818 1079 1829 —

184 1894 285 1973 Saepe
310 1890 440 1964 oculos,
464 1887 611 1964 memini,
636 1891 807 1970 tangebam
830 1908 949 1969 parvus
974 1889 1084 1965 olivo,

184 1992 324 2059 Grandia
346 1992 374 2054 si
397 1990 513 2054 nollem
538 1990 685 2053 morituri
711 1991 810 2052 verba
835 1989 968 2054 Catonis

183 2096 337 2169 Discere,
362 2114 427 2155 nou
453 2114 532 2155 sano
556 2093 686 2153 inultum
710 2092 864 2154 laudanda
889 2092 1063 2177 magistro,

185 2198 275 2276 Quae
299 2208 390 2277 pater
413 2196 554 2257 adductis
576 2197 691 2256 sudans
713 2195 836 2257 aridiret
860 2194 983 2258 amicis.

185 2301 287 2363 lure:
314 2299 427 2362 etenim
450 2296 481 2359 id
502 2318 677 2373 summum,
703 2295 779 2379 quid
801 2300 912 2361 dexter
935 2298 1022 2361 senio
1044 2299 1167 2375 ferret,

254 2462 298 2509 29.
319 2459 510 2521 censoremque]
524 2462 621 2506 Tnvn.
639 2484 666 2493 -
683 2458 843 2506 Censoremoe
856 2462 932 2508 ESM.
946 2463 983 2507 lb.
1003 2486 1031 2495 —
1046 2469 1116 2508 tuum
1128 2462 1193 2523 quod
1204 2469 1230 2508 tu
1239 2462 1305 2509 trob.

187 2533 218 2577 E.
238 2554 271 2567 -
290 2538 359 2576 tuum
383 2545 440 2575 cnm
467 2537 493 2574 tu
511 2530 576 2576 aret.
596 2533 692 2575 solutes
711 2532 768 2576 tina.
789 2534 841 2586 (sed
860 2534 913 2578 M.:
933 2532 1054 2587 solutos.)
1092 2530 1134 2581 30.
1156 2551 1189 2567 ···
1201 2529 1307 2591 salerne

183 2603 230 2646 RS.
269 2598 309 2649 31.
332 2623 360 2633 -
381 2613 464 2644 moros
482 2603 513 2645 V.
539 2600 575 2644 lh.
597 2625 629 2634 ·-
648 2600 763 2645 distincti
783 2603 829 2649 SA.
849 2603 885 2645 lb.
900 2622 934 2635 -·
951 2608 1009 2646 note
1023 2602 1095 2647 ulls.
1114 2627 1146 2637 -
1166 2609 1238 2647 noete
1253 2603 1306 2645 TA.

183 2694 216 2705 ·-
234 2669 353 2725 Noeeoe,
374 2669 455 2715 Notae
477 2671 507 2713 F.
563 2667 605 2715 32.
626 2671 684 2714 vitio
704 2669 745 2714 laic
767 2671 814 2715 llS.
862 2667 903 2714 33.
924 2693 957 2704 -
975 2671 1041 2730 quod
1062 2672 1098 2714 Μ.
1147 2668 1189 2715 34.
1209 2695 1243 2705 -
1260 2670 1309 2715 Dt'·

182 2740 280 2785 misene
311 2742 343 2784 V.
373 2740 409 2783 lb.
438 2760 466 2770 -
487 2752 590 2783 rursum
618 2739 649 2784 R.
708 2736 748 2784 35.
777 2749 815 2786 ew
842 2752 927 2784 scevoe
955 2740 987 2784 T.
1050 2737 1092 2784 38.
1123 2762 1153 2772 -
1185 2738 1308 2784 Virtutem

183 2815 210 2854 ut
236 2808 337 2853 oideout
356 2809 406 2852 ΡΑ.
457 2804 500 2853 40.
526 2806 560 2851 Et
578 2807 675 2867 tnagis]
701 2808 791 2853 Omnes
822 2811 879 2853 mci.
906 2828 941 2840 -
966 2808 1016 2853 Aut
1041 2809 1128 2869 magis
1152 2809 1218 2853 Unus
1246 2807 1305 2853 nen.

184 2876 227 2922 tt.
248 2901 281 2910 —
300 2890 364 2921 unus
389 2877 440 2924 RE.
491 2877 517 2921 ln
536 2879 708 2933 ll.supe1·scr.
728 2879 802 2922 imus.
843 2875 884 2921 42.
908 2899 938 2909 -
957 2877 1032 2937 quasi
1047 2877 1097 2921 eibi
1119 2880 1151 2922 V.
1191 2875 1232 2922 44.
1252 2883 1307 2921 tou-

182 2944 284 3006 gebom]
315 2946 404 2991 Omnes
422 2947 478 2992 mei.
500 2969 529 2979 -
549 2947 677 3006 tingebom
693 2948 753 3003 Foq.
774 2947 798 2989 in
826 2951 947 2991 contextu.
1009 2943 1051 2991 46.
1076 2944 1197 3005 Discere]
1216 2946 1307 2991 Omnes

183 3017 241 3060 mei.
292 3015 327 3058 lb.
347 3028 395 3059 nou
414 3013 488 3072 sono]
512 3016 542 3064 E.
564 3039 597 3049 -
616 3016 646 3059 ob
665 3016 756 3059 insono
777 3015 852 3059 TRA.
873 3039 906 3049 —
931 3022 955 3060 et
973 3016 1064 3060 insono
1086 3017 1162 3064 st.
1211 3012 1254 3061 48.
1275 3039 1308 3049 -

183 3085 274 3128 etenim
292 3098 415 3128 summum
436 3085 467 3128 T.
488 3108 520 3119 -
539 3085 630 3129 etenim
648 3084 676 3128 id
693 3097 789 3129 summo
806 3085 908 3129 utam.
940 3085 978 3129 lb.
998 3109 1031 3119 -
1050 3087 1093 3146 qui
1113 3085 1204 3131 dexter
1222 3086 1255 3134 T.
1274 3107 1308 3119 -

182 3166 231 3212 quo
246 3152 272 3198 d.
292 3155 324 3199 V.
344 3177 376 3187 -
395 3153 461 3213 quod
477 3154 502 3199 d.
522 3154 559 3197 Μ.

255 3292 298 3340 29.
318 3292 482 3339 Censoremne
503 3298 531 3338 de
551 3295 654 3341 Caseub.
675 3297 739 3341 coni.
757 3311 779 3340 r.
819 3293 861 3342 34.
882 3311 931 3342 non
949 3312 1042 3343 rursus
1060 3312 1082 3343 r.
1122 3295 1162 3343 38.
1183 3295 1308 3344 Virtutem

184 3370 211 3408 ut
228 3362 327 3409 videant
342 3378 366 3419 p.
404 3361 447 3408 40.
466 3363 666 3424 Actmogierp.
706 3363 749 3409 46.
767 3364 861 3411 Dicere
881 3381 903 3415 r.
941 3368 977 3412 lb.
998 3367 1029 3411 ob
1048 3369 1140 3411 insono
1160 3383 1184 3423 p.

183 3507 260 3551 sionis
282 3521 296 3549 a
317 3509 448 3566 genealogo
467 3508 491 3551 in
510 3512 634 3554 stemmate
653 3515 792 3554 uulneratus
814 3508 941 3554 obtineas?
965 3511 1002 3553 vel
1021 3511 1045 3552 in
1064 3511 1169 3564 equitum
1187 3511 1308 3554 Romano·
1336 3512 1339 3517 '

183 3590 238 3619 rum
258 3578 422 3634 recognitione
444 3577 564 3620 trabeatus
592 3590 718 3622 censorem
739 3580 807 3622 donis
828 3578 973 3623 militaribus
1000 3579 1100 3636 insignis
1125 3578 1236 3623 salutes?
1263 3572 1335 3636 (sie'

182 3645 251 3688 Reiz.
272 3668 305 3678 —
323 3646 422 3690 solutos
448 3643 527 3702 run)
543 3692 545 3696 λ
564 3646 675 3707 Cognitis
695 3649 758 3692 enim
782 3648 887 3705 equitum
908 3648 1072 3691 Romanorum
1094 3649 1235 3692 censoribus
1253 3654 1305 3694 erat

184 3714 308 3769 subiecta,
329 3729 390 3772 quae
410 3729 471 3759 nune
486 3718 611 3760 consulum
630 3723 666 3761 est
686 3718 770 3761 officii.
922 3716 924 3721 '

253 3780 296 3827 37.
315 3782 431 3829 Fervente
447 3784 526 3827 tincto
544 3785 646 3843 veneno]
666 3787 809 3840 Metaphora
832 3786 930 3839 alana,
957 3800 1016 3842 quae
1037 3793 1151 3842 corrupta
1172 3790 1201 3832 ad
1221 3789 1308 3844 pristi-

182 3865 239 3896 num
257 3855 365 3896 colorem
378 3853 467 3897 reverti
482 3867 529 3896 non
544 3860 634 3909 potest.
672 3854 714 3900 45.
735 3856 839 3908 Merito,
859 3855 951 3910 inquit,
971 3855 1029 3898 mihi
1043 3857 1207 3910 lippitudinem
1225 3872 1307 3902 arces·

183 3921 280 3975 seham,
311 3934 341 3965 ne
357 3922 456 3965 Catonis
476 3922 655 3968 deliberativam
675 3926 809 3968 orationem
828 3923 975 3977 recitarem,
1008 3928 1087 3966 utrum
1108 3927 1245 3983 moriatur,
1275 3943 1304 3971 an

183 4004 246 4043 non,
267 3994 309 4034 aut
326 3990 412 4045 quibus
430 3990 510 4034 verbis
530 3993 562 4035 uti
583 3995 672 4048 potuit,
693 4007 765 4050 quoru
786 4007 812 4037 se
832 3994 964 4036 destinaret
982 3991 1127 4039 interficere.
1166 3996 1253 4054 (Vetus
1269 3998 1307 4041 iu.

182 4065 294 4112 terprsst
322 4059 411 4112 „Oculi
436 4061 489 4103 oleo
514 4061 570 4105 tacti
588 4062 759 4117 perturbentur
775 4063 804 4105 ad
827 4061 948 4116 tempus.”
983 4061 1088 4108 emant.
1109 4064 1134 4108 in
1154 4063 1304 4122 Commeat.)

182 4125 226 4171 ts.
246 4126 335 4181 Senio,
364 4128 563 4175 maiormissns:
592 4136 617 4175 ut
634 4132 722 4185 eoum,
742 4132 830 4174 minor.
868 4130 974 4184 Merito,
994 4129 1113 4189 (sicces.
1134 4135 1255 4180 Reiz.·—
1278 4141 1305 4179 ut

182 4195 278 4239 &aava
295 4191 330 4252 [in
353 4210 406 4241 rar.
433 4198 515 4243 leun:
546 4198 659 4245 &cenot
692 4202 731 4245 ΑΙ.
751 4196 828 4256 Seno]
847 4198 972 4243 terruerim
996 4198 1074 4259 Pith.)
1092 4204 1187 4260 iuquit,
1216 4205 1303 4249 flebam

182 4266 260 4318 istos,
281 4267 326 4320 (sic
347 4266 414 4310 Reiz.
435 4291 468 4301 -
485 4266 550 4312 istos
570 4268 635 4312 Pith.
656 4292 688 4302 -
707 4269 757 4314 isto
779 4264 851 4325 Cas.)
871 4282 942 4325 quom
961 4283 1056 4326 semper
1075 4273 1189 4317 luderem.
