2782 4762
129 371 274 438 Praxilla
297 381 330 436 et
352 372 454 452 Myro
476 370 676 455 facundaque
698 371 801 456 gloria
825 371 947 450 Lesbi,

194 477 239 539 Et
260 494 342 558 quae
366 475 421 537 vix
443 475 678 554 Anytecedit5
699 475 866 551 Homere,
889 472 961 538 tihi.

129 577 190 641 Est
213 576 334 640 Eriuna
357 576 449 639 etiam
473 574 705 658 Telesillaque,
730 586 830 661 tuque
853 575 998 641 Corinna
1232 577 1252 642 5

194 678 285 760 Quae
307 680 401 761 docta
424 676 562 762 clipeum
585 676 726 743 Palladis
749 689 819 741 arte
841 677 948 742 canis:
1063 711 1066 717 ·

129 781 175 845 Et
196 778 318 860 Myrtis
339 779 463 862 placida
487 790 519 842 et
541 798 638 842 versu
660 800 790 865 quoque
811 778 930 844 femina
951 778 1087 861 Nomio,
1129 854 1132 859 ,

195 882 316 948 Omnes
339 872 486 965 perpetui
509 880 655 945 carminis
678 881 829 946 artifices.

130 982 284 1050 Aetheris
307 983 458 1068 aequavit
481 984 593 1046 'l'ellus
614 983 749 1047 fecunda
772 981 921 1062 labores,

193 1086 254 1152 Ille
277 1106 392 1152 novem
415 1087 530 1151 Mnms
551 1085 704 1169 protulit,
729 1084 791 1149 ista
812 1107 945 1173 novem.

669 1243 722 1309 20.

128 1362 296 1441 Comere,
321 1360 376 1449 qui
398 1363 503 1428 saevis
525 1374 628 1427 terres
649 1363 818 1428 latratibus
840 1366 988 1444 umbras,
1101 1416 1103 1420 a

194 1468 348 1532 Umbram
372 1488 456 1535 nunc
478 1488 604 1530 sacuam
628 1487 690 1530 nou
716 1466 816 1530 urinus
839 1468 909 1550 ipsc
931 1468 1019 1535 time.
1049 1505 1055 1515 ·

132 1569 260 1634 Occidit
281 1568 519 1634 Archilochus:
543 1567 740 1651 penetrabile
763 1569 852 1634 virus
873 1568 991 1648 iambi,

193 1674 248 1736 Ex
269 1671 424 1760 iracundo
446 1673 534 1755 quod
555 1670 625 1732 fluit
647 1691 724 1747 oro,
749 1666 839 1735 c'ave.

132 1775 236 1856 Quam
259 1775 300 1838 sit
319 1761 438 1849 atrox,
463 1773 603 1837 clamore
626 1775 731 1835 datum
755 1772 814 1836 tihi
835 1771 937 1851 scire,
962 1777 1159 1863 Lycambae
1232 1776 1254 1842 5

195 1875 321 1958 Cymha
344 1874 404 1939 tihi
426 1888 516 1940 natas
539 1896 637 1961 quom
660 1874 733 1938 tulit
754 1896 816 1939 una
839 1877 930 1941 duras.

664 2011 720 2079 et.
780 2077 789 2086 .

130 2133 254 2202 Ferrea
276 2156 361 2198 uttnc
382 2137 455 2218 plus
479 2156 572 2221 quam
594 2133 685 2219 prius
707 2133 769 2199 atri
790 2134 896 2200 limina
917 2135 1005 2204 Ditis

198 2236 349 2302 Sollicito
371 2257 466 2300 serva
488 2237 624 2314 lumine,
649 2248 738 2302 terne
760 2238 859 2302 canis.

132 2338 169 2403 Si
190 2359 326 2424 namque
347 2337 539 2403 Archilochi
559 2339 713 2424 fugerent
734 2356 768 2403 ut
791 2340 879 2403 virus
902 2338 1046 2420 iambos,

194 2440 378 2505 Deseruere
399 2439 494 2504 iubar
515 2442 607 2504 dulce
628 2440 878 2522 Lycambiades,

132 2543 312 2624 Quomodo
328 2561 393 2607 uon
415 2542 540 2627 fugient
562 2543 657 2628 nigro
680 2545 719 2606 de
742 2563 871 2607 carcere
894 2536 1030 2623 Manes,
1235 2545 1255 2609 5

195 2646 300 2710 Saeva
323 2644 423 2711 trucis
443 2645 571 2731 linguae
594 2648 668 2710 dum
690 2645 854 2709 maledicta
877 2645 1011 2711 timenti

131 2902 363 2970 Archilochum
384 2902 466 2991 tegit
487 2905 540 2969 hic
561 2927 637 2989 pars
659 2902 798 2969 littorist
819 2903 873 2987 ille
896 2902 1051 2970 Camenas
1160 2935 1162 2938 >

195 3007 343 3090 Vipereo
366 3006 475 3091 coepit
497 3008 622 3092 tingere
644 3008 719 3072 felle
741 3018 861 3072 truces.
973 3068 974 3072 ,

133 3109 295 3192 Sanguine
317 3111 421 3173 adhuc
443 3109 600 3193 placidum
623 3112 755 3173 turbans
777 3109 952 3189 Helicona,
978 3111 1176 3191 Lycambeo,

202 3213 287 3275 Tres
310 3221 399 3275 natas
420 3212 581 3294 perimens
603 3214 706 3274 nodus
728 3211 761 3274 id
783 3211 924 3276 edocuit.
979 3227 981 3231 ·

133 3311 288 3398 Quisquis
310 3333 361 3391 es,
386 3312 447 3377 hac
468 3312 568 3378 tacito
589 3312 687 3376 transi
709 3317 812 3396 pede,
837 3315 929 3377 busta
952 3317 1100 3379 sedentes
1200 3312 1203 3317 ’
1236 3317 1257 3382 5
1298 3382 1302 3386 ,

195 3415 265 3479 Ista
285 3436 384 3500 super
407 3437 526 3501 vespas·
542 3437 581 3481 ne
603 3416 662 3481 tibi
684 3437 903 3483 commoveas.

305 3615 441 3662 Archilochi
460 3617 579 3662 horrende
597 3631 670 3673 uoce,
690 3617 879 3674 Lyramhiadcs,

180 3704 184 3711 ·
227 3684 230 3693 ⁸
273 3685 419 3734 Umbrarum
438 3687 473 3731 sic
491 3687 561 3731 turha
579 3690 649 3731 mulis
668 3688 784 3732 exterrita
803 3688 889 3733 iambis

307 3757 366 3800 Sese
384 3755 465 3813 aliquo
484 3756 574 3815 Stygiis
592 3761 693 3814 proruat
710 3771 723 3801 c
742 3756 884 3802 domibus.'

203 3821 248 3884 22]
268 3823 398 3869 Cunichius
416 3827 467 3870 sic:

271 3893 410 3939 Archilochi
429 3894 473 3939 hoc
491 3892 587 3938 bustum
604 3900 704 3952 propter
721 3907 804 3954 mare3
824 3897 916 3954 primus
933 3895 1048 3943 acerbam

308 3964 411 4008 Carmen
430 3965 470 4021 qui
487 3964 554 4011 sunia
572 3966 666 4027 tingere
685 3968 783 4021 uiperea
835 3975 838 3983 ’
862 3973 881 3998 »’

270 4026 375 4088 Institit,
395 4034 523 4077 innocuum
540 4032 640 4079 foedans
659 4035 775 4080 Helicona
793 4045 890 4082 cruore·

301 4101 367 4155 Scit,
389 4103 428 4160 qui
446 4107 570 4160 gratarum
590 4109 639 4148 tres
658 4105 734 4162 gemit
751 4102 782 4148 ob
801 4106 900 4163 laqueos

156 4229 159 4233 ,
270 4170 363 4224 Multa,
385 4170 527 4226 Lycamben.
564 4171 597 4217 At
615 4175 700 4219 tacitus
719 4179 743 4218 tu
762 4187 850 4233 perga,
869 4177 966 4229 viator,

305 4242 400 4296 Vesper.
418 4255 447 4287 oe
464 4241 562 4297 irrites,
582 4255 643 4300 quac
661 4245 753 4290 tmnulo
770 4244 906 4291 iutolitaot.

181 4321 272 4380 Ecum
286 4323 343 4369 tuen
358 4325 402 4368 tu.
979 4323 1023 4390 20
