2782 4762
132 370 277 434 Eventus
299 369 462 434 Labienus
485 383 566 435 crat.
611 373 719 445 „Fors
743 372 878 449 obtulit,
903 371 1025 458 inquit,

129 473 173 537 Et
195 473 326 536 fortium
350 472 420 535 viae
443 469 504 535 tam
529 474 634 558 anagni
658 475 792 538 nuuiinis
814 496 873 538 ora

131 572 375 659 Consiliumque
398 575 468 638 dei:
505 589 593 641 tanto
618 579 696 640 derce
719 598 887 658 {rossumus
909 578 955 640 uti

132 679 199 740 Per
222 679 335 765 Syrtes
358 677 496 760 bellique
518 690 607 742 ratos
630 699 829 763 cognoscere
852 701 956 743 casus.

130 781 211 842 Nam
235 780 286 843 cui
309 779 499 843 crediderim
523 781 668 862 Superos
691 780 805 867 areana
829 784 962 844 daturos
1076 786 1123 805 ”
1213 851 1217 861 t

129 883 346 972 Dicturosque
370 883 470 966 magis
492 895 719 968 qrrarusancto
747 906 824 948 vera
847 882 991 949 Catoni?
1033 906 1036 913 ’
1071 926 1104 954 ,ι
1215 962 1235 977 Ν

130 983 230 1049 Certe
256 985 318 1047 vita
343 985 399 1048 tibi
421 1007 548 1068 semper
570 983 691 1050 directa
715 1008 869 1069 supernas
951 974 954 980 ¹

134 1090 187 1151 Ad
210 1089 299 1171 leges
321 1089 529 1172 sequerisque
552 1092 657 1152 derum.
704 1090 812 1154 Datur
834 1102 914 1153 eece*
931 1088 1084 1174 loquendi
1107 1108 1120 1156 f<

131 1191 213 1254 Cum
237 1192 319 1255 love
341 1189 488 1254 libertas:
512 1191 636 1275 inquire
653 1191 690 1271 iu
711 1192 776 1256 sata
799 1191 926 1257 nefandi
1152 1191 1155 1195 ¹

130 1293 281 1358 Caesaris
304 1304 336 1356 et
357 1293 481 1375 patriae
506 1303 663 1359 venturos
685 1308 801 1361 excute
824 1317 950 1361 mores:

81 1430 84 1435 ·
132 1396 208 1460 Iure
231 1416 290 1458 suo
312 1395 707 1483 populis‘ntidegumquc
730 1398 876 1476 licebit„
922 1401 925 1405 ’

131 1500 185 1562 An
207 1499 324 1563 bellum
347 1499 441 1562 civile
463 1499 561 1581 perit.
608 1504 678 1564 Tria
702 1515 836 1585 pectora
858 1524 948 1568 sacra

132 1601 227 1664 Voce
250 1603 359 1684 reple:
385 1605 482 1665 dume
504 1604 616 1666 saltem
639 1604 767 1668 virtutis
791 1619 935 1670 amator.

133 1703 261 1784 Quaere
284 1704 360 1788 quid
383 1717 430 1767 est
453 1704 555 1768 virtus
579 1717 610 1768 et
632 1728 731 1789 posce
754 1708 919 1789 exemplar
941 1707 1103 1773 honestil'
1175 1718 1180 1755 ‘-

174 1807 234 1868 ttte
256 1808 318 1869 deo
341 1808 473 1889 plenus,
498 1808 592 1870 tacita
611 1830 708 1893 quem
733 1821 836 1873 tuente
859 1813 1014 1894 gerebat,

132 1907 257 1972 Effudit
280 1908 393 1992 dignas
415 1909 517 1990 adytis
539 1933 556 1974 e
578 1923 713 1993 pectore
736 1933 849 1976 voces.

132 2013 242 2092 „Quid
265 2013 393 2096 quaeri,
410 2013 580 2089 Labiene,
603 2013 723 2077 iubes?
747 2038 786 2078 an
809 2014 942 2079 liberm
965 2015 1061 2079 arratis

134 2117 333 2181 Occubuisse
357 2115 451 2179 velim
475 2117 698 2201 potiusquam
721 2139 823 2201 regna
846 2102 1040 2182 videre?

132 2223 186 2284 An
208 2220 248 2282 sit
272 2219 336 2283 vita
360 2218 455 2294 nihil,
481 2221 537 2282 sed
557 2220 687 2304 tongam
710 2221 838 2285 differat
859 2220 969 2283 aetas?

132 2324 185 2386 Αιι
209 2333 324 2386 noceat
346 2322 393 2385 vis
416 2322 478 2384 ulla
500 2323 613 2386 bono?
635 2324 843 2408 Fortunaque
864 2325 1021 2406 perdat

134 2425 292 2507 Opposita
318 2424 435 2489 virtute
458 2424 582 2488 minas?
613 2425 830 2510 laudandaque
853 2427 935 2490 velle
1075 2429 1085 2464 ²
1114 2424 1126 2475 ²·
1164 2427 1253 2515 Ἥ570

134 2527 182 2590 Sit
203 2527 279 2590 satis
302 2537 334 2591 et
357 2546 517 2612 nunquam
540 2549 690 2591 strecessu
709 2541 837 2592 crescat
860 2526 1068 2593 honestum?
1136 2555 1139 2563 ·

133 2630 255 2694 Scimus
270 2641 309 2694 et
330 2632 395 2694 hoc
418 2630 510 2693 nobis
533 2651 596 2693 non
619 2631 744 2695 altius
735 2632 845 2694 inserit
867 2631 1021 2696 Ammon.

133 2736 310 2796 Haeremus
333 2733 438 2797 cuncti
462 2731 612 2816 Superis,
635 2734 818 2815 temploque
841 2744 967 2797 tacente
1205 2801 1224 2813 ,¹

133 2836 187 2898 Nil
210 2834 343 2899 facimus
365 2857 429 2898 nou
453 2847 567 2917 sponte
590 2834 660 2898 deit
696 2835 911 2899 nec1vocibus
933 2835 1006 2900 ultis
1038 2823 1040 2828 ¹
1072 2915 1075 2921 Ι
1158 2864 1161 2870 ·

133 2941 258 3001 Numen
282 2929 377 3022 eget:
409 2938 551 3023 dixitque
567 2938 669 3001 semel
692 2937 890 3002 nascentibus
913 2947 1046 3016 auctor,
1100 2963 1114 2981 -·
1154 2965 1157 2988 =
1190 2939 1253 3005 575

134 3040 295 3125 Quicquid
317 3040 399 3104 scire
422 3039 519 3104 lieetz
542 3040 669 3104 steriles
692 3039 853 3125 ncc‘legit
876 3062 1005 3116 arenas,

134 3146 178 3208 Ut
200 3153 329 3206 caneret
350 3144 476 3225 paucis,
502 3142 674 3226 mersitque
696 3144 760 3207 hoe
781 3143 914 3225 pulvere
936 3164 1063 3208 verum.

133 3248 234 3309 Estne
257 3244 419 3310 deiscdes
442 3245 500 3308 nisi
523 3257 608 3309 terra
632 3257 662 3308 et
685 3257 802 3328 pontus
825 3257 857 3309 et
879 3247 936 3308 a'e‘r
1017 3252 1029 3303 Γ·
1114 3268 1117 3275 ·
1158 3244 1161 3251 ’

133 3351 177 3413 Et
199 3349 321 3412 caelum
344 3361 375 3412 et
399 3348 525 3412 virtus?
547 3350 692 3430 Superos
716 3347 790 3431 quid
813 3347 994 3430 quaerimus
1017 3340 1125 3412 ultra?
1210 3416 1213 3423 ,

133 3451 282 3534 luppiter
304 3462 352 3513 est
375 3454 588 3535 quodcunque
612 3451 720 3525 vides,
745 3472 938 3535 quocunque
961 3451 1118 3515 moveris.
1185 3451 1253 3515 580

134 3553 305 3638 Sortilegis
328 3564 444 3636 egeant
465 3554 552 3617 dubii
573 3574 763 3637 semperque
786 3553 905 3616 sutrrris

133 3655 271 3722 Casibus
288 3655 466 3738 ancipites:
498 3678 547 3721 me
570 3678 634 3720 non
658 3657 786 3720 oracula
812 3670 954 3731 certum,

130 3763 198 3832 Sed
221 3780 308 3823 mors
330 3771 416 3822 certa
439 3758 536 3823 tacit:
561 3761 679 3842 pavido
701 3758 845 3842 fortique
868 3759 1041 3837 cadendum
1065 3768 1125 3821 est.

133 3864 210 3924 Hoc
232 3861 309 3924 satis
332 3874 379 3925 est
401 3861 519 3924 dixisse
541 3862 690 3927 Ioveru.”
735 3861 790 3923 sie
812 3860 865 3923 itte
892 3845 1041 3942 profatur

134 3967 334 4048 Servumque
356 3964 418 4028 fide
441 3965 551 4048 templi
573 3965 704 4029 discedit
726 3968 766 4027 ab
789 3965 869 4040 aris,
953 4030 956 4037 ,
1020 3964 1024 3972 “
1189 3963 1251 4028 585

134 4067 209 4131 Nou
232 4068 434 4148 exploratum
456 4068 586 4150 populis
609 4069 768 4131 Atrirnoua
789 4068 987 4152 relinquens.

204 4229 264 4278 568.
285 4249 309 4262 -
329 4229 408 4288 citit,
428 4238 452 4278 ct
469 4232 565 4294 longo?
592 4247 626 4278 un
644 4231 670 4282 d.
690 4218 761 4294 uetur
779 4233 863 4279 Corte.
