2782 4762
173 180 214 242 11

238 337 411 401 Praeterea
431 351 600 398 vorsamur
619 327 740 394 ibidem
762 340 855 416 atque
878 329 1019 394 insumus
1040 350 1157 415 usque;

173 441 246 504 Nec
264 459 351 502 nova
373 435 514 500 vivendo
538 432 732 516 procuditur
750 432 813 496 ulla
834 432 997 515 voluptas.

174 544 255 617 Sed,
277 543 350 604 dum
366 540 469 614 abest,
492 539 581 623 quod
596 556 740 610 avemus,
761 533 796 598 id
818 556 1013 617 exsuperare
1030 535 1158 599 videtur
1210 533 1291 598 1005

174 644 311 718 Cetera;
333 651 409 724 post
431 639 532 716 aliud,
556 660 653 724 quom
677 635 817 722 contigit
835 636 932 713 illud,
956 659 1084 701 avemus

175 748 221 811 Et
239 744 307 810 citis
328 764 428 829 aequa
449 752 535 806 tenet
554 740 634 805 vitai
654 760 779 822 semper
797 737 951 803 hianteis:

174 851 376 932 Posteraque
397 843 430 907 in
452 843 552 908 dubio
575 853 622 907 est
643 843 807 908 fortunam
829 864 923 928 quam
945 844 1040 906 vehat
1061 852 1164 919 aetas,

176 948 304 1032 Quidve
324 948 410 1011 serat
430 945 528 1010 nobis
549 967 644 1009 casus
665 944 762 1030 quive
781 943 886 1009 exitus
910 944 1017 1008 iuuet.

238 1055 310 1116 Ner.
329 1070 480 1133 prorsum
502 1046 600 1111 vitam
622 1050 770 1112 ducundo
793 1046 946 1110 demimus
964 1047 1063 1110 hilum
1193 1131 1195 1135 Ι
1213 1048 1296 1109 1100

176 1158 341 1236 Tempore
363 1155 401 1214 de
425 1149 557 1225 mortis;
581 1171 640 1213 noc
663 1150 822 1214 delibrare
842 1149 1001 1227 valemus,

177 1257 252 1338 Quo
275 1253 376 1317 minus
398 1274 466 1316 esse
486 1251 540 1315 diu
562 1251 722 1334 possimus
740 1263 845 1317 morte
862 1251 1054 1335 pcrernptei.

177 1356 339 1431 Proinde,
360 1353 437 1418 licet
456 1365 537 1440 quot
558 1353 607 1417 vis
629 1353 769 1418 vivendo
792 1355 1056 1430 conderesecla,

176 1463 276 1526 Mors
298 1468 426 1521 aeterna
448 1467 553 1519 tamen
572 1455 674 1520 nihilo
694 1455 795 1519 minus
817 1455 871 1519 illa
891 1456 1049 1521 manebit:

177 1565 250 1627 Nec
269 1560 370 1624 minus
389 1559 444 1622 ille
465 1560 517 1622 diu
539 1558 600 1621 iam
621 1579 687 1622 nou
708 1558 786 1635 erit,
810 1581 852 1622 ex
871 1560 1034 1626 hodierno
1080 1566 1084 1574 ”
1214 1563 1298 1625 1105

177 1663 316 1728 Lumine
339 1661 395 1747 qui
415 1663 510 1724 finem
529 1658 608 1723 vitai
628 1658 723 1736 fecit,
747 1673 779 1725 et
801 1661 871 1738 ille,

178 1765 348 1832 Mentibus
368 1776 463 1851 atque
482 1762 571 1827 annis
592 1762 648 1849 qui
667 1763 773 1826 multis
796 1764 917 1829 occidit
936 1776 1020 1831 ante.

545 1953 624 2016 Lur.
648 1952 715 2015 IV.
739 1973 773 2015 v.
800 1953 929 2019 1-25.

241 2073 329 2139 Avia
348 2071 512 2138 Pieridum
530 2093 673 2156 peragro
696 2071 788 2149 loca,
811 2073 927 2136 nullius
945 2086 1018 2138 ante

181 2177 274 2242 Trita
293 2176 388 2241 solo:
413 2175 502 2238 iuvat
522 2174 670 2258 integros
689 2177 842 2237 accedere
864 2175 983 2239 fonteio

180 2281 290 2365 Atque
310 2276 459 2352 haurire3
482 2277 633 2360 iuvatque
655 2297 761 2341 novos
784 2279 958 2360 decerpere
979 2279 1080 2344 flores

179 2381 407 2466 Insignemque
425 2401 496 2443 meo
519 2377 616 2461 capiti
637 2389 748 2460 petere
769 2378 843 2443 inde
864 2401 1034 2457 coronam,

181 2485 274 2550 Unde
297 2481 388 2565 prius
408 2481 489 2545 nulli
512 2479 648 2544 velarint
668 2492 817 2564 tempora
840 2484 968 2546 Musae.

181 2584 342 2661 Primum,
366 2586 455 2669 quod
477 2582 602 2668 magnis
625 2587 729 2648 doceo
752 2586 907 2648 derebus
930 2595 963 2649 et
984 2585 1062 2650 artis

181 2686 391 2772 Religionum
415 2685 552 2749 animum
575 2685 668 2750 nodis
690 2685 861 2751 exsolvere
880 2710 1006 2773 pergo;

180 2789 325 2866 Deinde,
348 2791 437 2874 quod
459 2790 598 2853 obscura
616 2791 654 2852 de
674 2809 711 2852 re
732 2798 795 2850 tam
818 2788 924 2853 lucida
944 2812 1054 2876 pango

182 2890 351 2969 Carmina,
375 2892 514 2955 Musaeo
537 2890 728 2976 contingens
750 2902 864 2955 cuncta
885 2890 1018 2975 lepore:

178 2996 222 3060 -ld
241 3014 371 3081 quoque
394 2993 476 3056 enim
498 3014 564 3058 non
588 2996 628 3056 ab
647 2993 733 3057 nulla
751 2992 877 3059 ratione
898 2994 1039 3063 videtur.
1265 3003 1307 3064 10

182 3099 266 3162 Nam
288 3093 388 3159 veluti
409 3093 518 3180 pueris
540 3094 701 3160 absinthia
718 3108 801 3161 tetra
825 3102 983 3165 medentes

185 3188 293 3280 Quom
314 3200 390 3261 dare
412 3208 585 3274 conantur,
608 3197 699 3281 prius
721 3220 796 3264 oras
817 3202 937 3283 pocula
959 3203 1080 3268 circum

238 3330 313 3380 1101.
333 3331 445 3377 delibare
464 3333 488 3376 h.
506 3334 524 3377 l.
538 3333 615 3377 Poor.
629 3334 692 3380 lunt.
703 3335 733 3384 Α.
748 3334 868 3382 Gitanios.
889 3338 1079 3394 (deliberatae.
1089 3341 1120 3387 tt.
1140 3343 1213 3389 Siciu
1223 3348 1308 3388 nostra

175 3404 378 3451 .Clrreatomathia
392 3402 556 3448 Frontoniaua
572 3403 602 3448 N.
618 3401 643 3448 1.
657 3417 701 3459 pro
714 3399 829 3461 corrupto
841 3421 865 3454 r.
877 3406 1074 3456 deliberamenla
1085 3411 1190 3458 Laberio
1200 3415 1306 3459 restitui-

184 3488 238 3520 mna
253 3472 429 3518 delibamenta.
450 3473 515 3518 llaec
530 3473 577 3517 triu
592 3486 631 3519 vv.
652 3474 739 3533 ubique
756 3476 867 3520 confundi
880 3479 1020 3525 trelatitium
1034 3478 1094 3538 eat.)
1141 3478 1217 3530 1101.
1235 3474 1308 3538 (Nox'

184 3550 290 3590 aeterne
303 3541 360 3601 W-)
629 3559 634 3562 ·

605 3612 661 3658 Lm.
677 3615 720 3660 lv.
741 3628 764 3660 v.
780 3613 886 3662 1-25.

238 3702 313 3747 iidem
331 3712 415 3746 verane
433 3701 545 3759 leguntur
562 3700 592 3745 1..
609 3699 633 3747 1.
650 3700 708 3748 924.
755 3701 780 3749 l.
809 3704 911 3760 (metm
928 3706 971 3752 W.
986 3705 1064 3765 coni.)
1113 3705 1137 3754 7.
1157 3709 1257 3755 caimos
1275 3711 1306 3756 E.

185 3772 217 3816 A.
231 3772 261 3817 1..
277 3772 307 3816 ll.
323 3770 416 3815 Eictst.
448 3771 561 3814 animum
577 3785 631 3816 cum
647 3773 707 3817 Cdd.
722 3773 778 3831 aliq.
795 3775 867 3818 etiem
882 3789 950 3820 meus
969 3775 998 3820 C.
1015 3777 1077 3821 Edd.
1093 3784 1152 3824 vett.
1164 3780 1210 3826 Ar.
1223 3781 1266 3824 W.
1277 3781 1307 3825 F.

186 3841 277 3886 Eadem
292 3840 396 3885 varietas
408 3839 463 3884 Lib.
474 3838 503 3895 1,
522 3836 582 3885 931.
602 3840 709 3887 Praetuli
720 3857 780 3888 nuuc
790 3845 939 3902 singularem
952 3860 1077 3890 numerum
1091 3851 1195 3895 maxime
1209 3855 1311 3906 propter

187 3910 243 3955 Lib.
259 3906 288 3964 5,
306 3908 347 3955 50.
367 3923 401 3953 ex
420 3909 551 3969 animoque
570 3910 627 3965 (non
645 3925 679 3955 ex
692 3913 844 3972 animmque)
862 3916 991 3972 expulerit
1002 3914 1087 3961 dicata.
1133 3916 1157 3963 8.
1173 3918 1261 3977 pundo
1280 3933 1310 3964 ex

188 3979 265 4024 Codd.
280 3979 420 4036 quibusdam
433 3981 497 4024 dedit
509 3980 553 4024 W.
565 3982 607 4025 sed
619 3994 722 4042 pango,
737 3984 799 4039 quod
812 3996 895 4028 verum
909 3990 959 4039 est,
973 3987 1036 4030 idem
1048 3987 1149 4032 retinuit
1159 3989 1189 4033 1..
1203 3986 1232 4044 1,
1249 3986 1309 4036 9³2.

189 4046 245 4108 [cd.
260 4060 327 4092 meus
345 4047 376 4092 E.
396 4062 410 4091 a
427 4062 466 4104 pr.
486 4064 557 4094 mano
572 4049 673 4107 pando,
694 4053 756 4109 qnod
774 4055 888 4107 praetulit
904 4054 980 4100 Forb.
1000 4055 1127 4109 „obscuro
1139 4059 1168 4104 de
1181 4072 1208 4103 re
1223 4057 1311 4104 lucido

189 4120 294 4165 earruina
308 4115 409 4176 pundo,
429 4120 448 4162 i.
467 4134 490 4164 c.
509 4119 577 4177 quusi
597 4121 720 4177 expando,
742 4123 848 4166 omnium
868 4125 943 4170 oeulis
962 4124 1072 4180 apertae·
1107 4127 1153 4172 Sed
1166 4133 1231 4174 certe
1244 4134 1312 4173 ntro-

189 4189 260 4247 bique
278 4190 360 4234 eadem
380 4187 451 4232 tectio
469 4189 602 4234 exhibenda
620 4195 687 4236 erat:
708 4204 763 4236 nam
781 4192 827 4237 hoc
846 4194 940 4250 quidem
959 4197 1012 4240 loco
1027 4196 1108 4251 tuente
1120 4203 1186 4244 ercet
1196 4200 1310 4244 variatio.

189 4260 253 4305 Turn
269 4272 284 4304 a
301 4272 372 4304 mauu
391 4270 442 4304 tec.
455 4257 503 4308 E.:
518 4271 609 4320 pango
626 4259 708 4322 sicque
727 4256 769 4322 0.]
807 4259 848 4310 tt.
868 4275 989 4312 conamur
1001 4267 1062 4315 Ver.
1073 4269 1153 4326 vem,
1172 4271 1311 4328 quamlcct.
