2782 4762
142 190 228 285 απ
320 255 324 262 .

140 330 183 402 te's
201 357 284 403 trous
309 351 481 423 Euphratem
510 363 538 406 et
566 357 766 427 propemodum
785 364 946 413 uuimrsom
966 364 1066 416 Asiam
1089 364 1260 426 -Sardes

5 458 10 467 ·
49 447 53 454 ’
84 438 87 443 ’
139 461 232 518 usque
249 455 279 500 et
298 444 466 518 Ephesum,
488 447 514 503 si
532 445 607 503 fides
623 448 754 506 Eusebio
774 452 900 509 hoicono
920 454 1003 511 Maii.
1016 455 1083 513 Lib.
1100 456 1124 514 l.
1145 478 1176 534 p.
1194 466 1259 522 186.

138 537 256 589 Duobus
276 538 394 609 proeliis
412 540 542 592 Seleucus
561 548 591 594 iu
612 542 707 614 Lydia
725 550 877 597 victoriam
898 556 999 599 nactus
1019 557 1079 615 est,
1100 556 1142 602 ita
1163 562 1259 607 tomen

137 638 170 682 ut
191 649 277 702 τιτριιτ
298 632 404 683 Sardes
432 642 545 698 cuperet
571 652 656 705 neque
683 636 838 707 Ephesum,
867 657 951 709 ριιαπτ
972 641 1066 693 turbem
1084 642 1260 700 Ptolemaeus

133 724 276 794 pracsidio
296 724 446 779 insidebat.
480 755 518 767 -
546 725 722 780 Ptolemaeus
745 748 835 797 vero,
855 736 902 800 ριιί
925 744 953 784 et
976 733 1130 805 Tryphon,
1154 739 1259 810 Syriae

50 862 54 869 ,
136 821 267 892 regiones
295 836 357 869 cum
384 819 529 870 Damasco
556 826 705 884 occupavit
737 821 952 894 Orthosiamque
984 827 1127 880 obsidione
1149 836 1257 896 cinxit,

135 927 205 979 φιιοτ
220 907 328 980 quidem
355 910 449 960 soluta
466 919 509 962 est
528 915 590 970 131.
640 912 819 984 Olympiadis
837 933 912 966 arcuo
930 923 1026 972 tertio.
1048 921 1089 982 (i.
1102 939 1128 976 e.
1144 921 1181 978 211
1186 933 1211 980 1.
1226 943 1255 980 a,

137 999 223 1068 Chr.)
275 1000 357 1071 Quin
385 1011 415 1058 et
445 1001 634 1062 Ptolemaeus
673 1007 738 1079 ipse
768 999 1010 1084 magnificentius
1038 1015 1127 1071 etiam
1157 1014 1192 1070 de
1225 1033 1258 1070 ee

134 1092 269 1169 loquitur
286 1095 317 1149 in
333 1093 570 1151 celebratissimo
585 1096 635 1152 illo
649 1098 844 1157 Monumento
858 1102 1021 1160 Adulitano
1041 1125 1057 1161 a
1081 1105 1188 1165 Cosmo
1202 1107 1256 1163 In-

134 1185 317 1260 dicopleuste
336 1196 468 1242 servato.
489 1206 519 1244 v.
535 1186 701 1246 Buttmann
714 1191 851 1248 Museum
863 1192 916 1249 der
927 1195 1058 1253 Alterth.
1074 1197 1169 1255 Wiss.
1183 1206 1211 1268 2,
1225 1207 1252 1256 1.

134 1298 164 1354 p.
186 1282 252 1337 161.
281 1275 430 1343 Βασιλεύς
453 1278 551 1358 με’γας
575 1283 766 1360 Πτολεμαῖος
791 1282 858 1350 υἱὸς
882 1288 1033 1365 βασιλέως
1058 1291 1252 1369 Πτολεμαίου

133 1369 188 1430 καὶ
206 1372 389 1450 βασιλίσσης
405 1369 562 1451 Ἀρσινόης
573 1377 657 1434 θεῶν
670 1373 809 1451 ἀδελφῶν
823 1379 885 1436 τῶν
897 1380 1047 1458 βασιλέως
1059 1383 1254 1462 Πτολεμαίου

134 1460 189 1521 καί
207 1463 392 1543 βασιλίσσης
411 1464 573 1542 Βερενίκης
591 1468 675 1524 θεῶν
695 1473 841 1545 σωτήρων
862 1472 1031 1548 ἀπόγονος,
1053 1477 1094 1532 τὰ
1111 1477 1170 1554 μὲν
1188 1473 1251 1534 ἀπὸ

132 1552 252 1634 πατρὸς
261 1555 445 1634 Ἡρακλέους
457 1562 512 1614 τοῦ
524 1563 611 1626 Διός,
629 1554 669 1616 τά
686 1555 717 1616 δὲ
730 1558 792 1618 άπὸ
805 1558 923 1640 μητρὸς
936 1564 1087 1624 Διονύσου
1100 1568 1156 1624 τοῦ
1166 1571 1252 1637 Διός,

131 1647 324 1728 παραλαβών
344 1646 431 1726 παρὰ
448 1653 503 1706 τοῦ
518 1647 638 1728 πατρὸς
651 1655 706 1726 τὴν
719 1653 881 1730 βασιλείαν
893 1654 1046 1732 Αἰγύπτου
1066 1655 1121 1716 καὶ
1133 1660 1252 1733 Λιβύης

112 1739 186 1799 ’καὶ
199 1741 313 1816 Συρίας
325 1739 380 1799 καὶ
397 1741 538 1814 Φοινίκης
557 1740 612 1801 καὶ
634 1743 760 1823 Κύπρου
776 1743 832 1804 καλ
845 1747 963 1812 Λυκίας
980 1747 1036 1807 καὶ
1054 1751 1177 1829 Καρίας
1196 1751 1252 1811 καὶ

130 1835 193 1892 τῶν
205 1831 375 1892 Κυκλάδων
391 1833 493 1909 νήσων
506 1835 735 1914 ἐξεστράτευσεν
751 1843 793 1902 εἰς
808 1841 864 1912 τὴν
877 1837 980 1897 Ἀσίαν
997 1838 1077 1919 μετά
1090 1840 1253 1922 δυνάμεων

130 1927 257 1996 πεζικῶν
279 1923 334 1983 καὶ
358 1929 489 1985 ἱππικῶν
510 1924 566 1984 καὶ
587 1932 735 1986 ναυτικοῦ
761 1928 871 1989 στόλου
893 1928 948 1989 καὶ
967 1931 1142 2007 ἐλεφάντων
1164 1946 1251 2014 Τρω-

129 2016 314 2096 γλοδυτικῶν
332 2016 387 2076 καὶ
405 2022 612 2089 Αἰθιοπικῶν,
644 2018 697 2084 οὓς
724 2016 742 2077 ὅ
767 2041 799 2079 τε
825 2018 929 2102 πατύρ
957 2022 1055 2082 αὑτοῦ
1080 2025 1136 2085 καὶ
1154 2026 1251 2092 αὐτὸς

128 2115 249 2189 πρῶτος
274 2111 308 2169 ἐκ
334 2114 395 2170 τῶν
414 2114 529 2190 χωρῶν
555 2117 672 2171 τούτων
691 2112 866 2191 ἕθηρευσαν
884 2113 939 2173 καὶ
958 2118 1187 2196 καταγαγόντες
1206 2125 1249 2185 εἰς

128 2204 282 2281 Αἴγυπτον
300 2203 533 2264 κατεσκεύασαν
552 2207 721 2284 πολεμικὴν
747 2207 872 2284 χρείαν,
898 2209 1062 2288 κυριεύσας
1089 2209 1120 2269 δὲ
1139 2214 1193 2286 τῆς
1217 2229 1250 2269 τι

128 2293 213 2363 ἐντὸς
231 2295 401 2373 Εὐφράτου
415 2295 524 2375 χώρας
543 2296 645 2369 πάσης
659 2294 725 2357 ,καὶ
753 2300 893 2364 Κιλικίας
911 2299 966 2359 καὶ
983 2303 1172 2381 Παμφυλίας
1190 2300 1247 2360 καὶ

100 2441 103 2449 .
125 2387 241 2454 Ἰωνίας
258 2386 314 2447 καὶ
334 2392 389 2446 τοῦ
399 2387 621 2462 Ἑλλησπόντου
641 2387 695 2450 καὶ
712 2398 834 2469 θρᾴκης
853 2392 908 2452 καὶ
927 2396 987 2452 τῶν
1006 2391 1167 2473 δυνάμεων
1186 2396 1249 2452 τῶν

128 2482 160 2542 ἓν
179 2482 247 2547 ταῖς
260 2481 385 2562 χώραις
399 2481 528 2548 ταύταις
545 2487 655 2541 πασῶν
673 2479 733 2544 καὶ
747 2482 923 2559 ἐλεφάντων
940 2483 1087 2555 Ἰνδικῶν,
1105 2483 1246 2551 καὶτοὺς

126 2573 306 2653 μονάρχους
333 2571 405 2639 τοὺς
435 2574 468 2633 ἐν
497 2575 560 2639 τοῖς
585 2573 690 2641 τόποις
714 2575 835 2641 πάντας
865 2576 1017 2649 ὑπηκόους
1043 2578 1249 2650 καταστήσας

127 2665 212 2747 διέβη
231 2663 285 2725 τὸν
304 2663 344 2724 Ei
351 2666 476 2744 φράτην
495 2672 653 2739 ποταμόν,
674 2665 729 2725 καὶ
746 2663 802 2742 τὴν
816 2669 1061 2747 Μεσοποταμίαν
1073 2667 1129 2728 καὶ
1140 2673 1247 2749 Βαβυ-

127 2760 241 2819 λωνίαν
261 2757 317 2818 καὶ
337 2756 510 2834 Σουσιανὴν
529 2755 584 2816 καὶ
602 2757 737 2838 Περσίδα
755 2757 810 2817 καὶ
829 2758 954 2832 Μηδίαν
979 2759 1035 2819 καὶ
1058 2759 1115 2837 τὴν
1132 2758 1243 2837 λοιπὴν

126 2856 233 2912 πᾶσαν
259 2849 318 2917 ἕως
331 2854 529 2933 Βακτριανῆς
547 2852 597 2910 ὑπ’
618 2848 714 2910 αὐτὸν
733 2850 941 2930 ποιησάμενος
968 2860 1023 2911 καὶ
1048 2851 1248 2929 ἀναζητήσας

127 2941 188 3005 ὅσα
207 2943 266 3004 ὑπὸ
285 2947 347 3003 τῶν
368 2950 490 3024 Περσῶν
509 2942 579 3024 ἱερὰ
598 2944 629 3015 ε”ξ
646 2943 799 3022 Αἰγύπτου
825 2945 942 3021 {itudo
967 2942 1023 3004 καί
1047 2943 1248 3024 ἀνακομίσας

124 3035 205 3117 μετὰ
224 3041 278 3113 τῆς
296 3038 390 3111 ἄλλης
409 3036 504 3114 γάζης
522 3039 578 3109 τῆς
597 3035 660 3095 άπὸ
677 3039 739 3095 τῶν
764 3033 866 3095 τόπων
890 3044 932 3102 εἰς
950 3038 1121 3114 Αἴγυπτον,
1152 3036 1246 3096 δυνά-

125 3152 191 3211 μεις
211 3129 364 3190 ἀπέστειλε
382 3126 434 3187 διὰ
452 3135 513 3188 τῶν
532 3127 731 3208 ὁρυχάέντων
748 3133 907 3205 ποταμῶν.
928 3158 964 3174 -
976 3159 1013 3174 -
1026 3129 1151 3205 Reliqua·
1172 3130 1243 3198 iam,

126 3241 202 3300 quae
232 3225 307 3278 mira
337 3232 504 3279 commenta
535 3221 571 3277 de
598 3221 760 3278 Ptolemaei
789 3223 819 3277 in
839 3222 1031 3296 Aethiopiam
1054 3221 1244 3296 expeditione

129 3327 334 3392 pepererunt,
357 3326 472 3372 certum
484 3333 571 3371 nunc.
581 3325 627 3370 est
635 3317 788 3389 pertinere
802 3314 839 3370 ad
857 3333 960 3388 regem
976 3316 1107 3390 aliquem
1117 3314 1245 3370 Aethio-

127 3411 205 3484 piae.
218 3428 247 3464 v.
257 3407 419 3464 Buttmann
430 3418 459 3463 et
469 3406 605 3463 Niebuhr
616 3407 696 3463 Mus.
707 3407 736 3463 d.
749 3406 832 3462 Alth.
849 3406 945 3463 Wiss.
957 3415 992 3475 2,
1011 3414 1039 3467 5.
1052 3426 1083 3482 p.
1099 3412 1241 3483 575.sqq.

125 3512 155 3558 et
173 3501 278 3558 Valck.
298 3501 334 3557 ad
354 3520 383 3558 v.
405 3507 449 3558 11.
468 3520 498 3576 p.
515 3503 562 3558 90.
585 3499 927 3575 Champollion-Figeac.
950 3501 987 3555 T.
1002 3505 1030 3554 2.
1047 3518 1078 3573 p.
1099 3499 1145 3559 hc.
1186 3500 1242 3555 Illa

124 3606 222 3651 autem
239 3596 296 3650 hoc
315 3594 383 3650 luco
404 3593 471 3649 ideo
494 3611 611 3669 quoque
630 3594 764 3660 inserui,
786 3603 819 3648 ut
836 3581 983 3649 haherent
999 3592 1151 3649 auditores
1171 3611 1243 3667 spe-

124 3691 222 3744 cimen
245 3688 394 3743 sermonis
415 3672 612 3742 Alexandrini
636 3704 661 3741 s.
684 3684 873 3743 Hellenistici
895 3696 979 3741 extra
999 3683 1093 3740 libros
1115 3703 1239 3755 sacros,

124 3781 209 3837 cuius
231 3782 351 3855 generis
376 3779 557 3853 paucissima
585 3791 766 3852 supersunt,
800 3777 892 3833 ueluti
918 3778 1010 3851 Lapis
1039 3778 1239 3846 Rosettanus,

123 3870 280 3929 Hannonis
300 3872 439 3947 Periplus
453 3872 500 3927 ed.
515 3870 594 3946 Hug.
610 3890 640 3944 p.
656 3875 703 3929 51.
729 3870 908 3944 Fragmenta
928 3870 1095 3927 Ezechielis
1115 3871 1241 3944 Tragici

123 3976 154 4022 et
172 3952 280 4023 similia
300 3984 329 4022 v.
348 3964 480 4025 Boeckh.
502 3963 557 4037 Gr.
574 3964 786 4038 Tuag.Princ..
803 3963 899 4021 c.12.

180 4058 264 4127 (Cir.
279 4077 360 4114 nunc
374 4058 487 4136 dektoto
500 4059 557 4113 hoc
570 4053 744 4113 difficillimo
758 4067 935 4133 argumento
947 4053 1145 4112 Niebuhrium
1157 4055 1194 4112 V.
1203 4053 1238 4112 C.

123 4152 222 4205 Kletue
234 4150 300 4207 hist.
314 4170 342 4205 ιι.
355 4149 424 4221 phil.
437 4150 585 4221 Schriften
598 4159 626 4207 1.
637 4168 668 4224 p.
684 4152 749 4207 229.
764 4155 861 4226 seqq.)
