2782 4762
662 377 715 440 ora

131 477 161 543 0
186 480 364 540 venerande
387 478 479 543 bonis
502 479 601 543 dulcis
624 481 761 545 conviva
785 480 952 557 Camenis,

198 578 417 660 callimache,
441 581 473 646 in
496 602 596 666 regno
620 604 703 647 6666
725 604 854 668 quoque
877 583 962 648 Ditis
987 605 1060 650 avc,

667 771 720 835 63.

137 887 261 970 Accipe
285 889 450 953 Battiadae
473 889 623 972 sapientia
646 890 767 955 somnia
789 891 889 969 vatis,
977 941 981 946 .

197 994 272 1055 Non
290 978 375 1054 'ebur
398 993 494 1069 haec,
519 1015 630 1055 verum
653 1015 770 1057 cornea
794 1008 887 1077 porta
910 994 1015 1075 dedit,

134 1093 262 1176 Quippe
286 1094 396 1177 ignota
419 1095 505 1176 prius
528 1096 619 1159 seclis
643 1095 831 1160 mortalibus
855 1100 986 1178 edunt,-

205 1197 280 1260 Sive
303 1200 393 1259 damn
417 1198 562 1262 sobolem
585 1219 640 1261 seu
664 1199 748 1262 canit
771 1201 822 1262 ille
845 1203 936 1266 deos.
1022 1199 1029 1213 ⁸

131 1301 279 1380 Namque
301 1299 400 1381 ipsam
424 1320 441 1361 e
464 1302 566 1380 Libya
590 1313 722 1382 portans
750 1304 917 1369 Heliconis
939 1308 980 1370 ad
1002 1327 1091 1373 arces
1234 1310 1253 1393 5

196 1401 360 1464 Pieridum
384 1402 473 1465 iussit
498 1414 582 1466 stare
604 1407 664 1466 sub
687 1426 744 1469 ora
758 1427 881 1488 sopor.
988 1467 990 1471 ,

131 1507 212 1571 lllae
236 1527 394 1588 responso
416 1505 503 1568 sacili
525 1508 664 1570 docuere
687 1521 853 1592 rogantem

199 1611 324 1674 Semina
348 1609 448 1692 prima
471 1612 561 1672 delun
585 1610 821 1695 scande-dinque
843 1633 956 1696 genus.

663 1796 717 1860 ot.

131 1919 298 1984 Laudibus
321 1919 470 2004 egregias
493 1917 668 2000 Colophon
692 1918 907 2000 supereminet
928 1922 1042 1998 nrbes,

195 2027 286 2105 Quae
308 2024 435 2106 peperit
456 2036 547 2086 natos
570 2023 694 2085 uomina
719 2045 829 2107 magua
854 2026 955 2099 duos;

130 2128 241 2193 Patria
265 2127 459 2192 Nicandrum
484 2127 585 2191 veteri
608 2125 743 2190 sociavit
764 2128 932 2203 Homero,

194 2232 349 2296 Ne'nova
372 2229 535 2295 Pieridum
559 2231 626 2294 laus
648 2229 772 2293 aliunde
793 2229 895 2294 foret.

651 2417 712 2481 65.

131 2539 224 2604 ltalia
246 2540 344 2624 longe
366 2538 455 2603 iaceo
477 2539 642 2623 patriaque
665 2541 828 2616 Tarento,

194 2646 239 2706 Et
261 2643 361 2727 magis
384 2644 463 2705 haee
484 2663 536 2704 res
558 2653 606 2704 est
628 2662 739 2723 aspera
763 2654 865 2707 morte
888 2643 975 2708 mihi.

129 2746 236 2810 Invita
259 2767 359 2828 usque
382 2747 462 2809 adeo
484 2744 548 2807 vita
573 2753 622 2807 est
644 2743 836 2828 peregrina:
860 2749 916 2808 sed
936 2745 1013 2828 ipsis

193 2850 226 2913 A
249 2847 357 2911 Musis
380 2845 494 2909 melior
515 2868 598 2910 nrinc
621 2845 697 2936 mihi
720 2845 784 2909 vita
807 2849 877 2909 data
901 2860 962 2912 est.

129 2951 258 3033 Quippe
280 2971 339 3033 por
361 2950 521 3014 Aonidum
545 2969 634 3012 sacra
659 2970 786 3013 munera
809 2960 933 3033 tempus
955 2953 985 3015 in
1008 2974 1101 3018 omne
1228 2958 1247 3023 5

193 3053 410 3120 Concelebrat
432 3072 547 3116 nomen
569 3050 653 3116 fama
676 3051 889 3144 Leonideum.

659 3239 713 3302 66.
794 3288 854 3306 ,,

130 3361 253 3446 Accipe
276 3365 442 3426 deductum
466 3359 615 3445 sapientis
639 3381 764 3424 carmen
789 3362 900 3453 Arati,

197 3463 311 3543 Omnia
334 3463 389 3549 qui
410 3464 502 3527 nobis
525 3463 628 3527 sidera
651 3484 745 3527 nosse
768 3465 866 3528 dedit.
940 3468 942 3472 ’

130 3567 195 3632 Seu
216 3588 299 3650 vaga
320 3576 396 3631 sunt
417 3588 473 3630 seu
495 3554 580 3642 lixa,
605 3567 720 3649 quibus
742 3567 888 3650 pulsatur
912 3568 1044 3655 Olympi

192 3669 313 3754 Regia,
336 3681 399 3732 tam
423 3667 527 3732 multis
550 3668 683 3733 orbibus
705 3667 869 3751 implicita.

128 3773 217 3837 Laus
241 3773 348 3856 operis
370 3771 411 3836 sit
433 3793 561 3856 magua.
605 3770 680 3834 lovi
701 3792 771 3834 nam
793 3773 960 3855 proximus
982 3775 1034 3842 ille
1057 3789 1123 3858 est,
1224 3782 1244 3846 6
1272 3770 1275 3775 ’

193 3874 293 3941 Cuius
316 3878 355 3938 ab
378 3875 505 3960 iugenio
527 3872 642 3939 clarius
666 3885 751 3938 astra
773 3876 901 3941 micant.

299 4105 379 4165 Sede,
399 4105 484 4163 quibus
502 4104 561 4151 caeti
580 4119 605 4152 se
623 4110 688 4150 rotat
706 4111 759 4163 apta
777 4109 871 4154 doinus.

256 4176 357 4228 batia,
377 4175 465 4220 Arate:
487 4188 501 4218 ο
520 4180 585 4220 vates
604 4176 724 4222 mirande!
743 4191 758 4221 o
777 4178 883 4234 luppiter
902 4181 963 4224 alter

301 4246 386 4292 Sidera
405 4259 474 4302 quern
493 4249 591 4301 propter
608 4245 737 4306 frigidiora
756 4249 860 4294 micanti
