2782 4762
97 331 311 396 Praeteritum
329 328 484 414 spatium,
505 341 574 394 tum
596 341 702 399 motus
721 329 865 395 materiai
894 358 897 363 ·

97 431 307 499 Multimodei
329 455 423 520 qnam
444 433 525 510 sint;
547 432 643 499 facile
666 436 732 500 hoc
754 436 928 498 accredere
950 433 1057 518 possis

42 532 45 538 ’
96 533 224 600 Semina
242 557 336 618 saepe
357 535 391 600 in
409 539 539 613 eodem,
563 547 597 600 ut
617 558 701 602 nunc
719 547 807 614 sunt,
832 535 946 603 ordine
966 547 1080 622 posta:
1155 537 1218 604 870

92 640 165 702 Nec
187 637 322 703 memori
341 648 447 703 tamen
465 639 500 703 id
519 639 647 725 quimus
666 641 904 723 reprehendere
925 650 1047 716 meute;

90 741 182 805 Inter
203 739 287 804 enim
305 739 419 805 iectast
441 741 519 806 vitai
538 763 637 825 pausa
659 764 806 829 vageque

90 843 276 906 Derrarunt
297 841 416 927 passim
436 855 543 910 motus
566 846 606 907 ab
626 845 770 910 sensibus
794 867 917 914 omnes.

91 946 198 1010 Debet
217 943 320 1022 euim,
343 944 459 1011 misere
478 957 526 1012 est
548 946 628 1033 quoi
649 947 737 1014 sorte
759 971 922 1035 aegreque
943 950 1102 1027 futurum,

91 1050 167 1131 Ipse
186 1069 316 1135 quoque
330 1069 399 1113 esse
421 1047 454 1113 iu
469 1070 509 1116 eo
524 1061 590 1113 tum
605 1060 770 1134 tempore,
794 1073 895 1138 quom
918 1052 999 1117 male
1017 1052 1121 1136 possit
1153 1053 1215 1119 875

90 1150 272 1219 Accidere:
297 1150 331 1217 id
352 1152 503 1240 quoniam
524 1174 613 1219 mors
630 1152 743 1218 eximit
764 1176 897 1241 esseque
919 1154 1074 1238 prohibet
1148 1223 1151 1231 ,

90 1256 219 1332 Ollum,
243 1255 322 1343 quoi
341 1255 467 1340 possint
489 1255 696 1335 incommoda
718 1256 907 1335 conciliari,

90 1361 184 1439 Haec
203 1362 339 1435 eadem„
355 1357 474 1444 quibus
495 1379 512 1422 e
534 1379 618 1422 nuuc
639 1380 699 1424 nos
717 1381 843 1436 snmus,
865 1372 937 1426 ante
959 1359 1074 1438 luisse,

90 1460 184 1526 Scire
205 1460 281 1526 licet
304 1461 399 1525 nobis
422 1458 467 1523 nil
489 1482 557 1524 esse
582 1460 614 1523 in
636 1473 740 1526 morte
765 1461 957 1528 timendum:

89 1566 163 1628 Nec
185 1563 334 1628 miserum
355 1562 443 1640 fieri,
467 1562 523 1648 qui
541 1584 606 1627 non
624 1575 687 1641 est,
709 1586 824 1646 posse;
847 1586 951 1653 neque
971 1566 1072 1631 hilum
1151 1567 1214 1632 880

89 1665 251 1743 Differre,
271 1665 417 1730 annullo
442 1665 540 1732 fuerit
560 1665 620 1728 iam
640 1677 787 1747 tempore
808 1676 919 1742 natus;

89 1769 271 1833 Mortalem
296 1766 392 1832 vitam
410 1790 500 1832 mors
522 1790 622 1854 quom
641 1767 834 1832 immortalis
857 1767 985 1834 ademit.

154 1870 317 1953 Proinde,
340 1869 396 1934 ubi
416 1893 450 1936 se
473 1870 582 1935 videas
604 1870 765 1935 hominem
783 1869 984 1955 indignarier
1004 1871 1126 1955 ipsum,

88 1974 173 2038 Post
191 1983 329 2038 mortem
346 1974 438 2051 fore,
465 1985 499 2037 ut
520 1985 573 2036 aut
597 1983 742 2056 putescat
763 1993 906 2056 corpore
927 1984 1025 2056 posto

90 2077 158 2141 Aut
178 2075 314 2139 flammis
335 2073 475 2141 interfiat
498 2075 629 2140 malisve
646 2075 805 2152 serarum3
1147 2079 1208 2143 885

89 2178 181 2243 Scire
199 2178 277 2243 licet
296 2199 362 2242 non
380 2177 541 2243 sincerum
560 2199 676 2244 sonere
698 2189 793 2264 atque
816 2181 945 2246 subesse

88 2281 229 2346 Caecum
252 2279 390 2367 aliquem
411 2279 506 2346 cordi
527 2279 705 2356 stimulum;
728 2281 875 2366 quamvis
896 2294 992 2369 neget
1013 2283 1082 2368 ipse

90 2383 233 2451 Credere
254 2404 288 2447 se
310 2403 502 2468 quemquam
520 2380 583 2445 sibi
605 2403 729 2445 sensum
751 2381 786 2445 iu
806 2395 910 2448 morte
932 2385 1088 2451 futurum.

87 2488 183 2563 Non,
207 2496 241 2548 ut
264 2484 402 2568 opinor,
424 2483 509 2550 enim
533 2487 604 2561 dat,
629 2487 718 2569 quod
738 2483 901 2568 promittit
919 2498 951 2551 et
973 2491 1072 2566 uude,

87 2590 160 2653 Nec
180 2586 333 2653 radicitus
351 2609 370 2653 e
390 2585 458 2651 vita
479 2609 512 2652 se
533 2585 620 2653 tollit
641 2597 673 2650 et
697 2585 793 2664 eicit,
1148 2593 1210 2658 890

86 2800 240 2846 enaniiestum
265 2803 302 2846 est
325 2813 459 2856 pronomen
483 2812 601 2854 personae
626 2799 664 2843 hic
681 2799 768 2844 falsam
786 2799 877 2845 inferre
896 2802 1048 2846 sententiam.
1103 2801 1163 2849 876.
1182 2803 1211 2849 id

86 2871 164 2917 Codd.
178 2883 271 2915 omnes.
283 2869 344 2914 Edd.
356 2875 414 2915 vett.
427 2869 464 2914 lb.
484 2883 587 2929 esseque
598 2865 718 2927 prohibet
734 2869 810 2913 Codd.
823 2867 864 2924 2„
879 2883 949 2928 quam
965 2871 1124 2926 synaloephen
1139 2887 1211 2932 quum

86 2941 183 2986 librarii
201 2954 249 2984 nou
268 2943 460 2997 consequerent,
482 2939 558 2983 Codd.
574 2935 598 2983 l.
615 2936 652 2996 (et
662 2937 703 2994 C.)
716 2939 784 2983 Bria.
804 2952 861 2983 esse
876 2936 981 2997 prohibe
998 2941 1056 2985 Ver.
1083 2954 1139 2986 esee
1148 2958 1209 3000 prn-

85 3008 142 3055 hibe
155 3007 213 3054 inde
226 3012 289 3056 Ven.
309 3023 366 3054 esee
380 3008 438 3054 inde
448 3010 495 3053 As.
514 3022 570 3053 eree
580 3007 687 3066 perinde
696 3008 727 3053 0.
748 3020 804 3052 eere
815 3010 926 3065 proclive
939 3007 978 3057 Ω.
998 3023 1053 3054 erse
1062 3011 1207 3067 probatum.

86 3080 222 3140 Naugerius
232 3081 256 3125 in
266 3080 322 3125 Ald.
342 3086 369 3123 ot
385 3078 504 3138 quonium
522 3092 592 3124 more
609 3078 701 3123 eximit
718 3077 746 3123 id
753 3075 932 3138 prohibetque,
952 3080 1012 3124 unde
1025 3082 1120 3124 taudem
1132 3096 1209 3127 emer-

84 3151 118 3196 sit
139 3149 224 3195 Lamb.
251 3150 321 3206 (Hav.
340 3148 399 3203 rel.)
414 3153 596 3201 cormuentum:
617 3154 644 3192 et
660 3162 683 3207 q.
704 3162 738 3192 m.
758 3163 780 3192 e.
800 3148 835 3192 im
849 3146 1027 3208 prohibetque,
1047 3163 1077 3194 ex
1095 3151 1205 3200 Macrob,

85 3222 138 3265 Sat.
153 3217 183 3275 1,
199 3216 224 3268 l.
241 3219 269 3267 in
283 3217 344 3264 ΧΙῙ.
363 3217 458 3262 tabulis
485 3241 519 3252 ·—
546 3216 608 3261 haec
624 3223 699 3262 eunt:
723 3217 748 3261 ei
771 3218 806 3261 im
817 3219 918 3278 ⁴aliquis
935 3219 1044 3273 occisit5
1073 3241 1102 3252 -
1131 3220 1162 3264 ab
1181 3235 1209 3265 eo

84 3288 151 3350 quod
165 3294 205 3333 eet
221 3290 260 3343 ie,
280 3302 331 3333 non
344 3301 400 3331 eum
421 3309 451 3320 -
471 3286 517 3332 sed
533 3288 568 3331 im
580 3287 712 3332 dixerunt.
749 3284 809 3332 878.
830 3301 843 3330 e
862 3287 921 3332 cad.
935 3284 959 3332 3.
974 3287 1117 3334 Wakefieldi
1127 3292 1206 3335 etmel

84 3363 142 3404 duo.
164 3379 194 3390 -
214 3365 238 3402 et
255 3358 317 3403 Edd.
331 3363 389 3402 vett.
401 3356 429 3401 L.
442 3357 472 3401 tt.
493 3357 648 3401 Construclio
667 3357 702 3401 sic
721 3359 876 3413 explicanda:
896 3359 1035 3415 „Quoniam
1047 3373 1113 3402 mors
1127 3361 1209 3404 eximit

82 3425 212 3488 (uushebt)
230 3429 269 3482 id,
299 3433 322 3472 et
340 3428 414 3471 fuisse
434 3431 488 3472 aule
513 3427 673 3487 (subiectum,
704 3419 739 3473 τὸ
758 3425 980 3492 προγεγονέναι)
1006 3430 1117 3484 prohibet
1139 3431 1209 3474 illum

83 3499 137 3557 (qui
155 3497 297 3552 tumrixit),
318 3497 356 3541 cui
366 3497 460 3552 possint
471 3497 621 3549 incommoda
633 3496 757 3550 accidere,
778 3509 831 3540 esse
850 3495 908 3539 haec
927 3499 1010 3542 eadem
1027 3499 1119 3542 semina
1138 3501 1207 3556 (con-

85 3572 151 3613 stare
170 3568 206 3611 bis
225 3568 311 3612 iisdem
329 3563 488 3624 seminibus),
518 3581 530 3610 e
552 3565 637 3624 quibus
661 3579 722 3608 none
746 3577 790 3608 nos
816 3578 899 3609 sumus
923 3567 1077 3621 compositi.”
1104 3568 1208 3626 Vulgata

84 3638 144 3682 baec
162 3641 229 3683 erat:
258 3661 292 3671 -
318 3635 457 3681 Accidere:
485 3640 512 3679 at
529 3635 647 3694 quonium
664 3646 734 3678 inore
752 3634 845 3678 eximit
861 3634 897 3678 im
910 3633 1088 3696 prohibetque,
1114 3635 1205 3691 Illum,

84 3707 143 3768 quoi
159 3707 262 3764 possint
288 3704 445 3750 incommoda
469 3705 617 3758 conciliari,
649 3702 718 3747 Haec
743 3702 844 3759 eadem,
876 3704 904 3747 in
929 3705 1018 3765 quidue
1036 3710 1060 3749 et
1076 3719 1143 3749 nunc
1161 3694 1208 3750 ane

84 3789 188 3830 carnus,
209 3771 376 3834 antefuisse.
415 3772 475 3819 881.
495 3788 530 3818 cn
549 3771 629 3832 nullo]
649 3774 688 3818 Sic
706 3773 779 3823 etiam
790 3774 821 3818 E.
835 3773 865 3817 L.
877 3773 908 3817 H.
929 3796 959 3807 -
979 3788 1013 3818 un
1032 3775 1081 3818 ullo
1098 3788 1110 3819 e
1126 3774 1205 3835 Lugd.

84 3851 186 3903 utroque
196 3846 226 3891 F.
243 3846 326 3902 sicque
342 3845 414 3889 etiam
424 3843 453 3889 (l.
470 3849 554 3888 contra
568 3848 681 3895 metrum.
700 3842 732 3886 Aa
747 3857 805 3894 vero
819 3843 906 3898 duplex
922 3845 1016 3908 negatio
1032 3849 1098 3888 recle
1111 3858 1137 3890 se
1150 3846 1174 3890 h.
1187 3848 1205 3890 l.

28 3906 31 3910 Δ
83 3915 171 3970 babet,
191 3916 319 3959 utinillis
336 3914 502 3970 Cloatillam
520 3926 647 3957 nurnmum
661 3911 749 3957 debere
765 3913 872 3956 nemini.
895 3934 925 3944 -
950 3926 967 3955 a
985 3913 1055 3957 nullo
1074 3928 1127 3958 eum
1144 3915 1204 3960 Cdd.

81 3984 227 4042 atiqq.Etd.
237 3989 293 4029 vett,
303 3985 376 4028 Wak.
397 4007 429 4017 -
448 3980 575 4045 Differre,
589 3982 659 4026 nullo
668 3982 759 4030 Eichst.
796 3979 854 4027 882.
872 3976 944 4040 quoni
957 3997 970 4027 e
981 3982 1041 4027 Cdd.
1050 3974 1092 4028 W.
1107 4006 1135 4016 —-
1150 3985 1208 4045 quoi

81 4055 114 4100 E.
130 4054 161 4099 L.
176 4055 207 4099 ll.
245 4051 304 4100 883.
325 4054 476 4098 misererier
491 4052 520 4098 L.
558 4050 618 4096 881.
641 4057 763 4116 -putee
781 4053 843 4114 miro
863 4052 1039 4097 erroreCodd.
1059 4054 1166 4110 plerique
1183 4059 1207 4098 et

82 4125 144 4168 Edd.
161 4129 220 4169 vett.
240 4147 274 4158 ·-·
296 4129 427 4183 putrescet
440 4123 486 4167 Αν.
502 4122 534 4167 Ρ.
551 4122 579 4166 F.
599 4122 695 4167 lletinui
712 4135 765 4175 rum
778 4120 838 4166 Cod.
858 4120 890 4165 Ο.
908 4125 932 4167 et
948 4137 1002 4171 meo
1016 4122 1045 4173 C,
1062 4120 1205 4172 Wakefieldi

78 4199 206 4252 putescat.
235 4193 288 4239 cfr.
312 4193 364 4239 Cic.
384 4195 412 4237 de
426 4192 480 4241 Nat.
496 4192 527 4237 D.
542 4190 571 4248 2,
589 4190 613 4250 §.
630 4187 689 4238 160.
709 4187 852 4246 Aranni,
874 4188 916 4236 17.
972 4190 1031 4238 839.
1053 4191 1160 4239 undeE.
1175 4192 1204 4237 C.

81 4263 151 4310 lirin.
172 4288 205 4299 -
223 4262 491 4310 intimavimus.
509 4263 569 4308 llas.
592 4283 621 4294 -
636 4276 682 4320 pr.
701 4258 843 4325 abundet.
857 4259 887 4309 L.
925 4320 929 4325 ᾖ
