2782 4762
101 350 145 412 Et
168 345 287 427 Tyriae
309 353 415 413 vestes
436 352 469 406 et
490 339 576 405 dulci
596 338 674 405 tibia
697 349 791 405 centu

119 463 122 469 '
164 449 209 512 Et
230 445 312 510 levis
334 440 472 521 occultis
494 441 724 515 conscientie·
749 436 862 513 sacris.
902 482 915 498 ..

101 552 178 615 Huc
199 551 274 613 ades
296 559 327 611 et
346 557 472 611 centuni
494 544 587 615 ludos
613 542 813 626 Geniumque
835 538 965 615 choreis

165 650 367 717 Concelebra
389 658 422 712 et
443 647 544 713 inulto
566 656 712 729 tempore
734 645 831 711 irrnde
854 662 967 720 mero.

102 752 194 818 Illius
216 774 234 816 e
256 751 357 816 nitido
379 749 681 833 stillentunguentn
703 747 822 830 capillo

165 857 211 920 Et
233 853 338 937 capite
360 864 393 917 et
415 852 502 922 collo
525 849 633 916 mollia
657 861 743 914 serts
765 860 894 934 gerat„
998 912 1003 923 ,

105 956 158 1021 Sic
178 955 289 1021 venias
312 954 489 1032 hodierne,
513 952 664 1017 tibi-dem
685 951 946 1028 turishonores,

166 1054 248 1122 Liba
271 1069 303 1122 ct
325 1056 506 1139 Mopsopio
526 1055 631 1119 dulcia
653 1055 745 1119 melle
767 1053 881 1118 serem.

104 1164 150 1225 At
170 1161 228 1224 tibi
249 1170 430 1224 succrescat
451 1159 580 1242 proles,
604 1177 686 1241 quae
708 1156 793 1225 lacta
814 1154 954 1237 parentis

156 1262 297 1346 Augeat
320 1272 352 1324 et
375 1259 460 1324 eirca
481 1270 543 1324 stet
560 1259 747 1327 ueneranda
768 1278 889 1335 senem.
1059 1332 1062 1339 ,

103 1365 175 1428 Nee
197 1374 302 1427 taceat
327 1373 529 1435 monumento
552 1360 642 1436 viae,
667 1380 761 1444 quern
785 1354 925 1436 'diuscule
946 1328 1050 1437 tellus

166 1464 372 1550 Candidaque
394 1462 526 1546 antiquo
550 1460 683 1534 detinet
693 1460 778 1525 Alba
801 1461 903 1525 Lare.
1019 1532 1022 1537 ,

102 1571 251 1652 Namque
274 1567 390 1650 opibus
411 1575 573 1648 congesta¹
586 1561 649 1627 tuis
671 1561 724 1625 hic
745 1551 855 1647 glarea
879 1530 957 1627 deira

166 1668 345 1744 Sternitur;
368 1668 420 1732 hic
443 1678 517 1750 epta
537 1664 680 1750 iungitur
702 1676 771 1739 arte
795 1665 889 1743 silex.
1038 1736 1044 1745 ¹

105 1775 153 1837 Te
176 1784 269 1836 canet
290 1770 452 1856 agricola,
476 1788 629 1852 erengus
651 1788 750 1852 quom
772 1765 899 1832 venerit
923 1768 1003 1845 urbe

168 1876 284 1950 Serus,
307 1873 498 1937 inoffensum
520 1868 742 1954 rettuleritque
766 1872 891 1952 pedem.
963 1924 968 1941 ,.

104 1978 149 2041 At
170 1989 225 2054 tu,
249 1975 375 2040 Natalis
396 1974 514 2046 rnultos
536 1973 726 2036 celebrande
747 1992 806 2054 per
828 1992 945 2048 anuos,
1006 2046 1008 2050 ,
1070 2036 1073 2041 ⁴

164 2077 346 2144 Candidior
366 2096 494 2158 semper
515 2073 744 2157 candidiorque
769 2074 853 2137 veui.

446 2259 804 2351 Ιιιιι.1.ΕῙιΕῦΙΑ
825 2262 872 2325 Χ.

104 2384 184 2466 Quis
205 2383 285 2459 init,
309 2384 489 2451 horrendos
511 2379 633 2463 primus
658 2379 713 2464 qui
734 2381 868 2462 protulit
889 2381 1005 2458 enses?

166 2486 270 2569 Quam
291 2485 381 2550 serus
401 2495 445 2553 et
454 2504 532 2547 vere
556 2484 680 2546 ferreus
702 2482 757 2546 ille
779 2481 861 2548 luit!

104 2590 197 2653 Tunc
217 2590 327 2652 caedes
349 2585 512 2650 hominum
533 2583 664 2669 generi,
687 2596 764 2647 tunc
784 2585 908 2667 proclia
932 2597 1030 2649 natat

167 2694 261 2754 Tunc
282 2688 416 2763 brevior
438 2687 526 2765 dirae
548 2685 661 2755 mortis
682 2699 799 2769 ‚aperta
822 2687 874 2752 via
896 2699 957 2751 est.

103 2793 150 2857 At
168 2792 250 2856 'nihil
270 2792 324 2855 ille
346 2791 440 2854 miser
463 2788 600 2854 meruit:
625 2809 684 2871 uos
712 2791 753 2851 ad
775 2789 856 2852 rnnla
879 2801 989 2854 nostre
1203 2789 1227 2854 ι’
1269 2813 1273 2819 ·

103 3011 201 3065 eraudi,
222 3011 254 3054 ite
275 3015 312 3054 est
329 3010 484 3073 explieqndu:
508 3008 551 3054 Sic
569 3009 673 3071 senine,
694 3007 816 3065 (precor),
843 3023 871 3055 en
889 3009 1039 3065 conditione,
1061 3015 1087 3076 ut
1102 3010 1149 3055 libi
1166 3009 1222 3055 dem

103 3087 149 3127 cet.
205 3077 246 3125 54.
277 3077 387 3138 Liberque
409 3080 440 3127 V.
468 3093 480 3124 e
504 3079 580 3123 Codd.
600 3098 638 3112 -
655 3079 736 3123 Attico
760 3091 782 3122 s.
805 3078 927 3132 llpurettio
948 3081 1036 3134 melle,
1067 3095 1081 3124 ιι
1102 3077 1221 3136 Μιριορο

17 3160 21 3167 ·
101 3150 281 3195 Atheniensium
298 3161 366 3206 rege.
410 3145 452 3194 56.
470 3153 587 3192 veneratu
605 3147 650 3192 Cd.
673 3144 696 3192 1.
716 3146 872 3192 anhrunnni.
892 3151 953 3194 sut.
972 3150 1046 3204 Vulp.
1091 3147 1133 3196 57.
1154 3151 1221 3199 Suet.

102 3219 164 3278 Aug.
186 3215 227 3264 30.
250 3216 302 3277 Quo
327 3223 408 3262 utilem
425 3214 538 3275 facilius
557 3215 665 3276 undique
690 3216 750 3259 urbs
774 3215 905 3272 odiretur,
934 3216 1066 3276 desumpto
1091 3219 1142 3264 sibi
1165 3217 1223 3263 Flu·

102 3288 183 3333 ms'niu
201 3287 243 3330 uio
260 3286 376 3331 Arimino
393 3291 466 3331 tenue
483 3284 636 3340 munienda,
654 3286 767 3344 reliquus
784 3285 980 3345 triumplialibus
999 3289 1063 3333 siris
1080 3302 1115 3332 ex
1134 3302 1223 3333 manu-

102 3356 165 3401 biali
178 3356 289 3413 pecunia
306 3354 456 3400 sternendus
474 3354 613 3401 distribuit.
669 3351 710 3399 58.
730 3349 892 3416 Candidaque
910 3370 923 3401 e
943 3357 1002 3401 Cdd.
1023 3359 1055 3402 V.
1078 3359 1118 3402 W.
1138 3357 1167 3402 L.
1187 3359 1223 3404 it-

102 3439 147 3484 que
163 3426 294 3482 simplicius
313 3426 417 3469 ridetur.
438 3448 471 3459 -
489 3421 603 3469 Candide
621 3436 692 3482 quem
711 3423 742 3468 fl.
762 3424 825 3481 Alii,
842 3427 870 3470 de
890 3427 954 3471 coni.
973 3426 1081 3470 Broulrb.
1120 3425 1162 3470 bl.
1184 3424 1221 3471 Te

101 3500 205 3548 canate
228 3494 307 3540 Velie.
339 3495 407 3538 Statii
425 3495 591 3538 Recentiores.
612 3516 645 3527 -
673 3493 742 3537 cante
758 3507 812 3539 curn
834 3494 894 3540 Cdd.
917 3495 946 3539 L.
984 3496 1044 3539 Mihi
1064 3495 1222 3543 soloecismus

101 3564 204 3609 ridetur.
230 3587 262 3598 -
289 3562 421 3623 agricole,
452 3575 547 3623 magna
576 3560 637 3606 Gdd.
661 3561 740 3606 multi.
765 3564 797 3608 V.
823 3563 852 3612 ll.
876 3565 929 3610 'Sed
946 3564 1003 3609 telin
1021 3564 1045 3609 in
1071 3563 1127 3609 Tib.
1151 3564 1222 3609 niuris

101 3633 220 3691 quaesitu.

516 3746 570 3792 bre.
591 3746 612 3796 1.
649 3746 746 3792 ELEG.
765 3747 800 3791 X.

152 3835 256 3894 „Pugna
275 3834 304 3877 ud
327 3833 421 3879 Artium
445 3829 517 3888 (723)
536 3833 664 3878 commisse
677 3864 684 3888 ‚
715 3834 821 3878 Messnle
842 3840 926 3878 contra
951 3835 1097 3881 rebellantes
1122 3836 1221 3895 Aquite-

100 3905 146 3949 ries
163 3905 280 3958 mittitur,
306 3903 343 3946 cui
364 3903 460 3960 quidem
479 3903 637 3957 expeditioni,
663 3906 689 3946 ut
704 3915 758 3947 sese
777 3903 934 3961 adiungeret,
967 3904 1091 3949 Tibullum
1108 3919 1221 3952 evocasse

100 3974 207 4027 ridetur,
236 3975 276 4030 qui
303 3971 380 4016 Roma
403 3972 553 4027 prolecturus
577 3971 638 4016 hanc
660 3970 745 4016 scribit
762 3970 898 4030 Eleginth'
915 3973 989 4021 Beth.
1056 3973 1081 4019 5.
1100 3973 1139 4020 An
1156 3973 1223 4021 nibil

99 4043 174 4087 Voss.
190 4041 340 4101 speciosius
346 4045 398 4095 est,
430 4040 492 4097 quod
511 4055 524 4086 e
542 4041 624 4085 inultis
644 4039 703 4084 Gdd.
722 4039 881 4095 recepitba
913 4039 953 4086 An
971 4054 998 4086 n.
1017 4041 1037 4087 ι’.
1056 4052 1091 4087 ιιι.
1111 4043 1222 4089 meruit?

100 4111 179 4168 Quum
204 4111 280 4166 ipsum
306 4109 449 4154 sententium
471 4111 506 4154 sic
533 4113 705 4164 expresserunt
730 4107 848 4164 Excerpte
875 4108 914 4152 bic
941 4122 1027 4154 rursus
1051 4111 1219 4169 interpolate:

39 4180 44 4187 ‘
98 4177 199 4224 Forsan
220 4184 244 4223 et
262 4179 306 4223 ille
323 4176 388 4224 nibil
406 4178 507 4223 meruit.
545 4168 655 4225 Nondum
672 4181 752 4223 ιιιιιιιι
771 4176 861 4223 recessi
879 4190 893 4221 e
912 4178 1025 4239 vulgate,
1045 4191 1106 4236 quae
1128 4173 1220 4239 simpli·

98 4250 153 4293 cior
171 4248 306 4293 ridebatur.
