2782 4762
183 191 243 254 102

181 351 376 416 Discernens
398 348 492 432 ponti
510 347 723 412 truculentum
746 345 801 409 ubi
824 345 942 410 dividit
960 348 1100 430 aequor!
1240 342 1302 407 180

181 455 234 517 An
258 452 357 536 patris
381 451 534 516 auxilium
555 472 696 535 sperem,
721 471 854 536 quemne
875 447 944 532 ipsa
964 445 1099 533 reliqui,

184 559 379 638 Respcrsum
405 554 551 620 iuvenem
572 554 715 618 fraterna
735 556 831 617 caede
855 551 985 616 secuta?

183 657 342 742 Coniugis
361 678 400 721 an
420 658 488 722 fido
513 657 665 722 consoler
687 667 800 720 memet
821 677 949 731 amore,

185 760 289 841 Quine
312 760 397 846 sugit
416 761 521 825 lentos
541 759 714 822 incurvans
736 757 865 844 gurgite
885 756 1016 820 remos?

181 864 355 927 Praeterea
377 864 465 927 nullo
488 861 580 938 litus,
604 861 673 931 sola
696 861 815 937 insula,
840 872 947 924 tecto:

111 1028 114 1033 .
180 968 251 1029 Ncc
273 978 360 1049 patet
381 988 529 1050 egressus
552 963 659 1050 pelagi
681 963 881 1049 cingentibus
904 961 1013 1037 undis;

181 1068 278 1131 Nulla
301 1068 397 1152 fugae
419 1067 522 1142 ratio,
546 1066 631 1129 nulla
651 1088 744 1148 spes:
768 1065 874 1131 onmia
899 1075 999 1139 inuia,

182 1169 295 1235 Omnia
319 1181 391 1233 sunt
414 1172 554 1244 deserta,
578 1181 739 1234 ostentant
763 1168 869 1233 omnia
891 1168 1000 1231 letum.

180 1275 258 1337 Non
275 1286 378 1336 tamen
395 1284 466 1336 ante
490 1271 566 1336 mihi
584 1272 789 1357 languescent
807 1270 925 1334 lumina
945 1280 1067 1346 morte,

181 1377 252 1438 Nec
272 1375 362 1458 prius
385 1398 403 1438 a
424 1374 511 1439 fesso
532 1379 680 1439 secedent
699 1397 840 1458 corpore
861 1395 999 1448 sensus,

182 1478 286 1558 Quam
305 1478 418 1541 iustam
438 1499 455 1540 a
476 1477 560 1541 divis
583 1477 756 1560 exposcam
777 1476 908 1559 prodita
931 1475 1058 1538 multam

183 1579 427 1665 Caelestumque
449 1582 544 1643 fidem
565 1592 728 1663 postrema
748 1601 938 1661 comprecer
959 1581 1054 1642 hora.

182 1683 309 1764 Quare,
332 1683 417 1746 sacta
438 1682 543 1746 virhm
565 1684 730 1746 multantes
753 1681 880 1745 vindice
902 1703 1008 1763 poena

182 1785 392 1862 Eumenides,
415 1786 532 1872 quibus
553 1785 693 1871 anguino
716 1785 862 1849 redimita
881 1783 1001 1867 capillo

180 1890 289 1953 Frons
309 1888 501 1972 exspirantis
520 1900 710 1972 praeportat
730 1888 872 1971 pectoris
891 1888 971 1965 iras,

181 1995 256 2056 Huc
275 1995 338 2055 huc
358 1995 542 2068 adventate,
566 2015 650 2056 meas
675 1991 780 2055 audite
803 1990 968 2075 querelas3

182 2094 270 2175 Quas
290 2116 353 2179 ego
377 2117 435 2159 vae
458 2095 572 2159 misera
595 2094 747 2157 extremis
768 2095 919 2177 proferre
943 2092 1087 2156 medullis

183 2197 300 2282 Cogor
323 2196 435 2280 inops,
459 2200 590 2272 ardens,
613 2197 729 2260 amenti
751 2219 846 2260 caeca
868 2196 994 2261 furore.

181 2300 271 2380 Quae
290 2299 442 2386 quoniam
462 2321 557 2363 verae
576 2310 747 2362 nascuntur
770 2311 904 2382 pectore
928 2303 967 2362 ab
990 2299 1076 2375 imo,

181 2405 254 2467 Vos
274 2401 373 2466 nolite
394 2402 460 2486 pati
481 2414 626 2466 nostrum
650 2423 820 2466 vanescere
844 2403 982 2466 luctum:

181 2509 244 2569 Sed
267 2504 355 2590 quali
377 2505 476 2569 solam
499 2508 643 2569 Theseus
664 2528 713 2568 mc
737 2517 839 2568 triente
861 2505 1009 2591 reliquit,

182 2608 255 2671 Tali
276 2619 396 2684 mente,
420 2611 513 2684 deae,
536 2608 673 2671 funestet
694 2630 790 2693 seque
808 2612 982 2693 suosque.'’

180 2713 249 2774 Has
266 2723 436 2796 postquam
460 2722 579 2776 maesto
601 2709 748 2794 profudit
768 2723 903 2794 pectore
929 2733 1042 2787 voces,

181 2813 379 2897 Supplicium
400 2813 503 2878 saevis
524 2836 702 2896 exposcens
725 2813 818 2876 auxia
836 2813 949 2891 iactis,

183 2962 313 3006 confutavit
322 2961 470 3019 Pinzgerus,
490 2961 535 3004 hoc
548 2961 699 3016 potissimum
711 2966 852 3019 argumento
867 2974 924 3005 usus
932 2993 938 3015 ‚
954 2975 976 3005 v.
994 2958 1052 3006 183.
1064 2964 1157 3007 demum
1168 2967 1298 3011 memorari

179 3031 306 3075 consilium
317 3031 421 3074 Atticam
433 3031 543 3086 petendi;
563 3028 636 3087 (quod
655 3032 726 3074 aliter
744 3030 801 3074 inihi
820 3031 915 3088 quidem
933 3031 1043 3086 ridetur,
1065 3047 1137 3090 quum
1155 3034 1229 3080 ibide
1243 3037 1297 3078 loco

179 3114 261 3146 sermo
280 3101 391 3155 nonsit,
419 3100 582 3144 tantummodo
601 3102 629 3144 de
648 3098 746 3154 perfidia
764 3100 885 3154 'l'hesei:)
913 3106 1038 3156 praeterea
1066 3117 1150 3158 parum
1174 3106 1298 3149 coinmode

181 3164 227 3215 ista
245 3169 380 3226 periphrasi
399 3182 412 3213 a
430 3174 510 3214 uioute
523 3170 584 3214 haud
597 3170 668 3212 nituis
681 3175 737 3213 noto
751 3171 823 3226 petita
837 3169 967 3229 significari
986 3173 1098 3217 Atticam.
1130 3174 1181 3218 lloc
1200 3175 1299 3218 verissi-

179 3253 245 3285 mum
258 3244 304 3284 est.
334 3240 403 3298 Quod
421 3241 442 3284 si
461 3239 584 3294 praeferas
596 3238 717 3283 ldaensne
730 3239 827 3284 ivenus·
836 3272 842 3293 ,
863 3241 918 3284 Aio.
935 3240 959 3286 1.
974 3241 1063 3301 cing„
1084 3257 1143 3300 quac
1156 3243 1219 3288 corii.
1234 3249 1298 3289 cete-

178 3310 214 3354 ris
232 3313 351 3366 praestat,
372 3309 517 3365 explicabis:
547 3314 703 3364 „repetamne
722 3307 819 3354 Cretam
838 3314 907 3368 atque
926 3312 949 3356 iu
968 3312 1023 3357 ldae
1043 3314 1185 3358 solitudines
1203 3327 1242 3358 me
1255 3314 1298 3358 ab·

179 3382 248 3424 darn:
269 3385 293 3423 at
310 3393 366 3424 uuir
385 3384 470 3434 potero
488 3379 520 3423 ibi
539 3380 614 3434 patris
632 3380 748 3423 auxilium
766 3378 906 3434 sperare?”
942 3382 1006 3426 lianc
1019 3382 1092 3441 igitur
1105 3384 1247 3438 lectionem,
1268 3398 1298 3429 ex

178 3454 246 3507 parte
271 3450 341 3495 eliam
361 3449 482 3508 Pinzgero
510 3449 634 3504 probatam
665 3449 687 3492 io
716 3451 769 3494 loco
797 3450 946 3494 conclamato
970 3453 1088 3506 expressi.
1132 3452 1221 3498 Omnes
1245 3453 1298 3499 fere

177 3525 279 3567 receutt.
297 3521 379 3573 (etiam
393 3516 461 3575 Sili.)
476 3519 579 3575 amplexi
596 3522 650 3562 sunt
664 3519 746 3564 Vossii
765 3519 827 3563 coni.
843 3518 1031 3576 idomenioene,
1057 3523 1087 3566 ab
1103 3523 1230 3576 idcircor,
1245 3525 1299 3567 Ma-

178 3591 292 3636 cedoniae
311 3591 397 3646 oppido
415 3603 489 3644 prope
507 3587 567 3633 fines
586 3589 719 3642 Thraciae,
739 3589 768 3632 ah
788 3590 931 3645 idomeneo,
952 3593 1041 3636 Minois
1060 3596 1160 3648 nepote,
1182 3593 1297 3651 condito;

178 3674 238 3720 quae
257 3661 351 3717 quidem
370 3661 441 3704 lectio
461 3659 548 3714 triplici
567 3660 718 3703 incommodo
732 3658 840 3713 laborat,
860 3661 1052 3716 anachronismi,
1072 3662 1143 3707 metri
1157 3663 1296 3723 posthabiti,

178 3745 206 3775 ae
224 3732 318 3786 putidae
337 3729 488 3775 eruditionis.
526 3729 576 3772 Cur
594 3729 656 3773 euim
675 3744 731 3785 prae
749 3730 859 3774 ornnihus
877 3731 931 3775 aliis
950 3732 1074 3776 Bottiaeos
1092 3737 1186 3777 montes
1204 3746 1297 3778 memo-

177 3805 245 3845 raret
263 3801 351 3844 misera
369 3797 467 3855 puella?
491 3822 524 3832 —
550 3797 727 3844 [domeneosne
745 3801 843 3844 Lachm.
872 3801 899 3844 ln
918 3815 986 3860 seqq.
1006 3815 1092 3846 rursus
1111 3804 1227 3859 quaedam
1247 3809 1297 3847 tur·

177 3870 232 3913 bata
252 3876 319 3914 erint:
340 3871 496 3926 praetulimus
514 3869 596 3913 Vossii
616 3870 751 3915 lectionem.
772 3893 804 3904 -
823 3883 839 3912 n
852 3869 921 3915 nidd.
942 3877 969 3915 ot
986 3873 1051 3916 Mur.
1071 3873 1147 3918 Doer.
1166 3872 1209 3917 ubi
1226 3874 1297 3918 nimis

178 3953 222 3995 pro
241 3940 343 3995 imperio
362 3941 462 3986 eiecisse
480 3940 589 3984 ridentur
608 3939 674 3983 Mur.
686 3939 720 3983 ol.
741 3960 774 3973 -
792 3939 941 3984 discurrens
961 3941 1021 3986 Cod.
1044 3942 1113 3985 Statii
1133 3943 1220 3987 blanda
1240 3957 1296 3987 sane

177 4011 378 4067 interpolatiooe3
403 4013 473 4068 louge
497 4009 602 4054 deterius
626 4015 663 4053 est
689 4009 787 4054 Wakef.
815 4008 962 4069 decerpens.
998 4011 1060 4055 'l'um
1077 4010 1211 4057 dlacedena
1231 4015 1295 4058 ltali.

136 4096 139 4101 ’
180 4076 238 4125 185.
258 4080 298 4124 Sic
311 4080 371 4124 Cdd.
385 4079 455 4124 Aldd.
468 4080 522 4127 Sili.
536 4079 634 4124 Lachm.
654 4100 688 4111 -
707 4077 750 4123 Pr.
765 4080 833 4124 nullo
850 4081 923 4134 (litus
936 4082 1028 4134 solum)
1046 4080 1132 4126 insula
1144 4089 1208 4127 tecto
1221 4086 1294 4131 Voss.

180 4173 213 4191 „-
230 4148 366 4194 Praetereo
382 4149 443 4193 litus
462 4150 531 4193 nullo
549 4150 604 4194 eolo
622 4149 641 4193 ι’.
661 4154 679 4194 t.
705 4150 760 4193 Scal
787 4150 850 4195 coni.
872 4151 975 4200 Coi-rad.
993 4153 1069 4196 Doer.
1100 4176 1133 4186 —
1160 4151 1297 4198 Praeterea

177 4221 253 4275 litae,
273 4220 343 4265 nullo
360 4218 486 4263 solamina
504 4225 522 4267 t.
541 4219 646 4266 Huschk.
657 4219 703 4273 Ep.
718 4219 772 4264 crit.
787 4234 810 4275 p.
827 4217 885 4266 1⁰2.
906 4224 943 4267 cui
959 4222 1040 4267 obstat
1055 4222 1170 4268 ovidiana
1183 4224 1295 4268 imitatio.

178 4291 237 4338 iler.
250 4287 296 4346 10,
317 4288 359 4336 59.
386 4286 452 4350 Quid
462 4284 583 4348 sociem?
607 4302 654 4349 quo
672 4289 726 4334 solo
738 4285 835 4349 seror?
858 4297 932 4337 noent
948 4292 1035 4339 insule
1052 4294 1130 4340 cultu.
1149 4292 1296 4350 (Praetereo
