2782 4762
178 187 236 250 156

245 348 346 407 Linus
368 347 415 409 ΙΙ.
455 346 645 408 ELEGIA.
668 348 716 408 X.
762 347 1223 432 Buan.(111.lv.1ncun.)
1279 404 1284 409 .

177 449 438 532 Quandocunqne
460 447 559 532 igitur
581 459 821 517 nostrosemors
844 451 969 514 claudet
993 453 1134 530 ocellos,

239 550 361 631 Accipe
384 571 464 634 quae
487 572 597 613 serves
619 550 740 613 funeris
763 563 833 613 acta
857 551 929 614 mei.

175 653 245 716 Nec
268 674 332 715 mea
356 664 431 714 tune
452 653 552 735 longa
566 651 730 734 ,spatietur
752 652 889 737 imagine
913 676 1053 738 pompa,

237 759 305 817 Nec
327 757 404 816 tuha
426 753 466 816 sit
487 753 547 816 sati
571 775 649 818 vana
673 755 802 838 querela
827 756 905 832 mei,

174 857 243 919 Nec
265 855 340 918 mihi
362 868 439 918 tunc
459 856 565 918 lulcro
588 867 746 918 sternatur
769 856 869 919 lectus
892 859 1039 935 eburno,

236 960 306 1020 Nec
328 957 368 1020 sit
390 957 420 1019 in
444 958 587 1020 Attalico
611 979 698 1021 mors
721 978 789 1020 mea
813 959 887 1021 nixa
908 971 997 1023 toro.

174 1060 266 1123 Desit
290 1059 462 1123 odoriferis
485 1062 566 1123 ordo
591 1059 665 1121 mihi
686 1060 848 1135 lancibus3
873 1061 974 1124 adsint

236 1160 361 1224 Plebeii
383 1183 502 1242 parvae
524 1161 646 1225 funeris
670 1161 852 1245 exsequiae.

174 1267 230 1328 Sat
252 1284 319 1325 mea
343 1275 392 1325 set
413 1285 524 1347 magna
549 1275 614 1338 est,
639 1263 666 1325 si
688 1273 752 1327 tres
774 1263 837 1326 sint
859 1285 976 1346 pompa
1000 1265 1118 1343 libelli,

236 1367 327 1445 Quos
350 1387 412 1447 ego
436 1367 665 1446 Persephonae
689 1364 821 1427 maxima
846 1368 928 1429 dona
950 1367 1063 1430 feram.
1251 1373 1291 1431 10

174 1471 224 1531 Tu
248 1469 465 1530 veronudum
487 1478 599 1548 pectus
621 1469 758 1529 lacerata
781 1467 942 1550 sequeris,
1061 1453 1065 1457 ¹

235 1570 306 1632 Nec
327 1569 427 1632 fueris
450 1591 565 1632 nomen
587 1569 669 1632 lassa
692 1589 811 1633 vocare
834 1591 949 1646 meum,

175 1672 358 1754 Osculaque
378 1671 410 1733 in
433 1671 544 1754 gelidis
560 1686 667 1751 ‘pones
689 1692 835 1752 suprema
859 1671 998 1748 lahcllis,
1056 1687 1058 1691 ’

236 1773 343 1861 Quom
365 1773 491 1835 dabitur
513 1772 609 1851 Syrio
633 1793 761 1836 munere
784 1775 897 1854 plenus
920 1797 1021 1855 onyx.

171 1873 314 1949 Deinde,
339 1874 394 1939 ubi
419 1873 604 1956 suppositus
628 1875 766 1937 cinerem
789 1898 836 1938 mc
858 1877 971 1942 lecerit
994 1881 1111 1954 ardor,
1251 1881 1290 1943 15

235 1977 382 2058 Accipiat
405 1978 521 2039 Manes
543 1977 677 2058 parvule
700 1988 780 2040 testa
802 1997 908 2054 meos,

171 2080 215 2141 Et
236 2079 277 2140 sit
299 2078 330 2140 in
353 2077 473 2162 exiguo
497 2080 604 2141 laurus
626 2079 830 2161 superaddita
853 2082 969 2154 husto,
1004 2102 1007 2108 ·

201 2246 204 2253 ,
235 2180 327 2259 Quae,
348 2191 435 2263 tegat
458 2180 606 2243 exstincti
627 2180 747 2244 funeris
771 2185 882 2244 umbra
905 2184 1032 2257 locum,

83 2335 88 2341 .
172 2284 216 2345 Et
238 2284 300 2344 duo
322 2282 384 2345 sint
404 2303 534 2346 versus:
569 2285 635 2363 Qm
657 2305 742 2345 nuuc
765 2306 867 2345 ncnc
890 2306 1035 2348 unumne
1058 2308 1191 2363 suevis,

235 2386 339 2448 Unius
362 2406 419 2446 mc
442 2405 602 2458 ononnnm
624 2406 742 2447 snuvus
763 2387 898 2449 Amoms
921 2409 1020 2450 enne.
1248 2391 1289 2452 20

171 2487 241 2548 Nec
263 2486 365 2548 minus
387 2488 467 2548 haec
489 2483 590 2548 nostri
613 2497 756 2549 notescet
777 2486 862 2549 sama
885 2489 1043 2569 sepulcri,

236 2588 338 2668 Quam
359 2589 487 2651 suerent
509 2587 620 2650 Phthii
641 2590 732 2651 busta
759 2600 891 2651 eruenta
913 2588 987 2652 viri.

173 2693 226 2753 Tu
247 2710 393 2774 quoque,
418 2690 443 2752 si
468 2691 595 2772 quando
619 2689 724 2752 venies
748 2692 787 2751 ad
808 2690 889 2765 sata,
914 2692 1099 2772 (memento)

170 2838 173 2845 -
234 2792 311 2856 Hoc
330 2780 393 2854 iter
416 2794 454 2852 ad
475 2790 595 2873 lapides
618 2812 697 2854 cana
720 2791 792 2854 veni
815 2814 985 2856 memores.

172 2896 299 2960 Interea
321 2914 399 2956 cave
421 2892 464 2956 sis
487 2914 546 2956 nos
570 2904 734 2974 aspernata
758 2895 924 2974 sepultos:

233 2993 409 3061 Nonnihil
431 2995 470 3057 ad
492 3015 602 3058 verum
625 2994 753 3058 conscia
774 3006 861 3058 terra
883 2995 977 3077 sapit.

383 3160 436 3205 Lis.
457 3161 489 3204 ll.
526 3159 622 3205 ELEG.
641 3160 676 3204 X.
713 3162 796 3205 Buau.
816 3159 872 3216 (tlt.
891 3160 933 3207 Ν.
952 3159 1063 3215 Lucum.)

225 3229 249 3279 1.
276 3243 344 3274 more
371 3229 447 3275 Codd.
477 3242 569 3274 omncs.
596 3253 629 3262 —
656 3240 709 3273 nox
733 3231 817 3277 Heius.
836 3228 944 3274 Bronhh.
966 3229 1051 3274 Burm.
1072 3231 1121 3274 lac.
1187 3229 1211 3277 6.
1234 3236 1289 3275 toro

171 3300 281 3346 Attalicis
304 3299 408 3344 vestibus
438 3299 549 3343 instrato.
586 3298 650 3343 Plin.
678 3298 709 3342 fl.
732 3298 763 3342 N.
789 3295 819 3351 8,
846 3295 888 3346 18.
925 3295 1021 3342 Aurum
1040 3298 1155 3343 intexere
1178 3299 1288 3343 vestibus

172 3369 264 3415 incenit
286 3367 386 3413 Attalus
412 3381 471 3412 rex.
527 3365 552 3412 t.
576 3372 603 3412 ut
628 3367 681 3412 sint
702 3367 786 3424 Heius.
812 3367 875 3410 coni.
900 3364 947 3410 Lt.
1004 3365 1045 3412 11.
1072 3382 1178 3428 sequere
1202 3369 1287 3412 Burni.

174 3435 214 3484 13.
231 3451 313 3497 ponae
330 3439 364 3482 id.
424 3435 466 3482 19.
486 3435 617 3492 ‚aridum
638 3450 661 3481 c.
680 3435 799 3490 Puceios;
818 3436 880 3492 quod
902 3435 1085 3490 recemundum
1102 3438 1203 3482 videtur.
1235 3436 1290 3481 Non

172 3510 235 3554 enim
259 3512 397 3560 terrorem,
429 3508 471 3551 sed
495 3505 686 3550 misericordiam
709 3505 759 3547 vult
785 3505 964 3548 cotnmovece.”
988 3506 1037 3549 lac.
1094 3503 1138 3550 tt.
1158 3507 1193 3549 lta
1209 3505 1287 3559 cdd,

172 3579 218 3623 nisi
236 3578 298 3635 qnod
319 3576 426 3632 plerique
448 3576 596 3633 distinguunt
616 3578 671 3630 post
690 3573 747 3617 iter.
784 3572 967 3617 Distiuclionem
992 3578 1112 3618 servatam
1135 3588 1149 3618 a
1173 3574 1243 3620 Peld.
1266 3579 1290 3619 et

172 3649 237 3701 lec„
266 3651 330 3690 recte
352 3645 389 3688 his
413 3645 510 3688 sustulit
532 3642 648 3696 hechin,
679 3647 705 3685 nt
723 3642 896 3699 coniungatur:
927 3643 982 3686 veni
1005 3639 1050 3686 hoc
1075 3642 1132 3690 iter.
1195 3643 1232 3686 lh.
1253 3643 1290 3686 lta

173 3715 249 3761 uodo.
269 3715 316 3758 nisi
337 3714 399 3772 quod
415 3713 563 3770 distinguunt
583 3716 638 3767 post
654 3711 712 3758 iter.
732 3732 765 3744 -
783 3714 904 3754 memento
922 3707 967 3754 hoc
985 3711 1047 3754 itere
1063 3709 1097 3756 ed
1110 3709 1209 3768 lapides
1224 3724 1289 3755 cena

171 3785 256 3830 oculte
277 3796 356 3828 meos.
380 3782 444 3827 Scal.
465 3781 493 3825 B.
549 3778 591 3826 31.
612 3779 675 3841 (licie
696 3784 747 3824 tam
773 3779 912 3838 longaevae
934 3779 1091 3823 meminisset
1108 3780 1191 3825 Burin.
1207 3803 1240 3814 -
1258 3779 1288 3823 Si

172 3860 224 3898 tem
242 3854 379 3912 longaevae
399 3851 533 3896 inlucescet
563 3850 646 3894 Barth.
675 3848 725 3894 Nos
746 3847 845 3893 Lachm.
865 3849 938 3892 secuti
958 3860 1054 3902 smnus,
1081 3848 1127 3893 nisi
1145 3851 1207 3906 quod
1223 3846 1290 3892 Gut-

172 3922 237 3967 uem
255 3935 312 3977 pree
331 3922 402 3966 nimis
424 3921 515 3964 incerta
536 3920 587 3965 eius
607 3919 744 3962 coniectura
768 3915 831 3960 Ilius
855 3917 956 3972 probata
974 3917 1080 3970 lacobo,
1109 3918 1214 3962 retinere
1239 3931 1289 3960 me·

173 3991 269 4036 luimus.
308 3987 435 4034 Gallicum
453 3989 555 4033 militem
576 3989 644 4033 docte
659 3987 683 4031 in
704 3985 817 4044 ambiguo
834 3986 949 4031 vocabulo
967 3987 1031 4030 velut
1043 3986 1186 4030 ludibundus
1199 3986 1289 4030 dixisse

172 4060 266 4103 videtur
284 4072 329 4114 pro
347 4058 473 4116 Phrygio,
492 4072 506 4100 a
523 4057 593 4102 Gello
613 4056 732 4114 Phrygiae
747 4055 830 4099 fluvio.
867 4054 935 4099 Aliae
955 4057 1019 4099 coni.
1039 4059 1094 4098 suut
1110 4056 1209 4100 Boherii
1232 4051 1289 4098 Bel·

172 4128 257 4181 licue,
277 4140 323 4171 nou
343 4127 479 4183 improbate
497 4127 612 4172 Patriamo
638 4139 664 4181 p.
684 4121 744 4169 ³09.
764 4128 789 4168 et
811 4121 896 4167 Neekii
914 4120 1023 4168 Choeril.
1044 4137 1068 4178 p.
1091 4121 1149 4168 136.
1196 4119 1292 4167 Caeru-

171 4198 214 4241 lue
235 4205 266 4240 =
293 4197 425 4241 caeruleus
451 4206 484 4240 =
509 4197 585 4257 niger
604 4205 637 4239 =
656 4191 773 4250 Aethiope
801 4202 833 4236 =
852 4190 980 4239 Memnon.
1018 4192 1072 4237 Tuli
1095 4193 1150 4237 scil.
1177 4206 1290 4250 progres-

175 4266 245 4311 sione
266 4263 338 4312 vetuti
363 4265 542 4312 mathematicus
578 4265 632 4311 Viri
657 4262 787 4309 acutissimi
818 4263 885 4308 iocus
906 4262 1020 4308 facillime
1051 4263 1167 4319 explicari
1200 4265 1289 4317 potest.
