2782 4762
363 486 543 550 ELEGIA
566 485 630 550 AD
654 484 940 551 HORTALUM.

94 623 168 688 Etsi
189 645 239 686 me
262 622 389 687 assiduo
412 624 595 688 consectum
619 645 695 687 cura
718 623 833 687 dolore

159 729 299 790 Sevocat
322 747 340 787 a
361 725 483 801 doctis,
507 725 662 800 Hortale,
687 724 885 808 virginibus,

94 817 166 890 Nee
184 826 270 908 potis
292 838 338 889 cst
359 827 459 889 dulcis
480 829 649 890 Musarum
672 848 864 909 expromere
883 826 976 889 setus-

159 929 254 990 Mens
274 927 388 991 animi:
413 927 520 1008 (tantis
541 927 675 990 fluctuat
695 927 764 1009 ipsa
784 926 894 1001 malis;

97 1031 243 1113 Namque
266 1028 328 1093 mai
348 1051 450 1110 nuper
472 1014 619 1093 Lethaeo
642 1028 771 1114 gurgite
789 1027 900 1092 fratris

160 1129 353 1193 Pallidulnm
374 1151 500 1192 manans
523 1130 613 1193 alluit
633 1133 716 1192 unda
737 1133 873 1212 pedem;

98 1233 202 1295 Troia
224 1233 374 1315 Rhoeteo
394 1253 487 1315 quem
512 1234 622 1294 subter
644 1233 740 1295 litore
762 1232 875 1308 tellus,

106 1327 112 1332 ’
161 1334 317 1413 Ereptum
340 1335 460 1395 nostris
482 1331 604 1396 obterit
628 1354 669 1395 ex
688 1334 804 1397 oculis.

96 1437 155 1497 Ta
175 1455 252 1496 mea
276 1445 315 1495 tu
342 1435 491 1497 moriens
501 1430 660 1522 fregisti
680 1436 862 1498 commoda
867 1434 1015 1526 stater,

158 1538 290 1599 'Tecum
311 1557 383 1598 uuo
403 1547 478 1599 tota
499 1547 552 1598 est
574 1547 697 1598 nostra
718 1539 854 1618 sepulta
872 1538 1011 1616 ‹lomus;
1177 1537 1218 1601 10

96 1637 223 1700 Omnia
245 1649 357 1700 tecum
374 1658 446 1699 una
459 1637 642 1718 perierunt
662 1638 795 1718 gaudia
816 1650 956 1713 nostra,

130 1802 135 1811 ,
160 1742 256 1821 Quae
279 1751 361 1800 tuus
381 1739 418 1800 in
439 1738 511 1800 vita
532 1738 643 1829 delicis
662 1739 774 1801 alebat
794 1760 907 1802 amor.

96 1840 165 1906 Hei
187 1840 313 1902 misero
322 1837 447 1929 fiatri
469 1840 657 1902 iucundum
679 1843 793 1902 lumen
815 1842 1031 1924 ademptum!

161 1944 351 2025 Nunquam
372 1962 438 2024 ego
457 1952 508 2016 te,
533 1940 660 2003 misero
671 1938 802 2030 frater
823 1942 981 2030 adempte
1004 1942 1088 2005 mihi
1184 1990 1187 1999 .

97 2041 276 2126 Alloquar,
301 2041 431 2104 audiero
454 2063 613 2127 nunquam
634 2039 810 2131 tuafocta
828 2041 1039 2129 loquentem?
1177 2043 1216 2109 15

162 2145 332 2228 Nunquam
355 2162 418 2226 ego
441 2154 490 2218 te,
514 2141 580 2205 vita
602 2143 704 2206 frater
727 2143 913 2220 amabilior,

98 2243 265 2327 Aspiciam
287 2245 437 2325 posthac.
481 2245 528 2307 At
551 2255 637 2306 certe
660 2265 786 2327 semper
809 2249 943 2320 amabo,

162 2345 295 2426 Semper
319 2355 436 2407 maesta
457 2355 511 2407 tua
535 2342 675 2407 carmina
698 2356 803 2408 morte
825 2368 952 2421 canam,

98 2445 214 2527 Qualia
232 2448 291 2507 sub
315 2446 418 2509 densis
440 2466 603 2508 ramorum
625 2444 769 2508 concinit
791 2446 912 2509 umbris

161 2547 293 2611 Daulias
314 2546 473 2629 absumpti
494 2547 559 2610 sata
583 2567 710 2630 gemens
730 2544 842 2625 Ityliz)

39 2722 40 2726 η
96 2651 164 2712 Sed
183 2660 287 2710 tamen
306 2646 339 2710 in
361 2647 456 2710 tantis
480 2647 698 2721 maeroribus,
721 2647 875 2722 Hortale,
899 2646 991 2712 mitto

47 2745 49 2748 ’
161 2752 254 2813 Haec
277 2770 428 2832 expressa
450 2747 511 2812 tibi
534 2748 674 2811 carmina
694 2747 876 2811 Battiadae:

97 2851 149 2914 Ne
171 2863 224 2913 tua
248 2849 333 2913 dicta
354 2849 446 2935 vagis
468 2850 682 2935 nequidquam
706 2848 828 2910 credita
850 2847 953 2912 ventis

161 2951 332 3016 Effluxisse
354 2973 424 3017 meo
448 2952 536 3016 sorte
557 2960 649 3033 putes
667 2949 791 3028 anime,

457 3141 578 3188 ennam
596 3131 638 3188 s'n
658 3142 848 3190 noaranma.

151 3229 176 3276 2.
195 3230 359 3274 Probabilitcr
374 3232 517 3288 intelligitur
528 3231 557 3287 Q.
569 3230 713 3274 Hortensius
725 3236 823 3284 orator,
843 3243 913 3288 quem
924 3229 975 3275 Cic.
984 3229 1033 3273 att.
1045 3228 1070 3284 2,
1079 3227 1121 3277 26.
1139 3229 1215 3286 d,15.

98 3301 224 3344 llortalum
242 3301 363 3354 nominat,
389 3300 501 3355 cuiusque
521 3313 595 3354 nepos
614 3300 650 3342 M.
670 3301 782 3342 Hortalus
800 3304 948 3342 memoratur
964 3299 1023 3342 Tac.
1043 3299 1105 3344 dnn.
1121 3299 1151 3354 2,
1174 3298 1215 3345 37.

98 3375 123 3413 ct
143 3370 209 3413 Suet.
233 3369 290 3412 Tib.
310 3366 352 3412 17.
381 3369 469 3411 Valck.
491 3372 584 3421 tamen,
611 3381 682 3423 qsrum
698 3368 773 3412 Codd.
793 3373 816 3410 et
834 3367 895 3411 Edd.
912 3372 970 3414 vett.
988 3367 1090 3411 habeant
1113 3368 1216 3421 Ortale,

99 3450 185 3481 nomen
201 3437 320 3481 Graecum
333 3435 411 3480 lictum
425 3441 508 3480 censet
518 3428 672 3504 Ὅρταλος.
691 3438 737 3480 Sed
751 3437 867 3480 ltalorum
885 3449 954 3479 more
973 3436 1105 3490 adspiratio
1125 3438 1218 3481 ridetur

98 3507 187 3549 omissa
205 3519 269 3549 csse.
307 3503 332 3549 d.
352 3505 402 3548 icta
415 3505 497 3548 Heius.
534 3503 559 3548 8.
579 3505 850 3564 obtegitCodd.Voss.
895 3501 998 3550 9-lt.
1022 3504 1046 3548 h.
1060 3507 1076 3548 Ι.
1090 3516 1121 3548 cx
1133 3505 1218 3565 Elegia

97 3577 127 3618 ad
140 3575 257 3618 Manlium
269 3575 370 3618 inscruit
381 3574 557 3617 Lachmanuus.
597 3570 637 3617 15.
657 3574 731 3617 Deest
746 3575 769 3617 in
786 3574 845 3616 Cdd.
855 3575 911 3630 aliq.
927 3596 960 3607 -
973 3571 1079 3616 audiero
1091 3585 1217 3632 nunquam

99 3643 187 3687 eGdd.
203 3648 226 3686 et
238 3643 298 3686 Edd.
313 3647 369 3685 vett.
388 3643 442 3686 sill.
459 3642 558 3686 Lachm.
587 3644 682 3700 Vulgo:
702 3641 840 3701 Alloquor?
859 3641 996 3686 audierone
1016 3655 1134 3700 unquam.
1155 3643 1218 3686 'I'um

97 3725 143 3766 pro
158 3725 180 3755 v.
191 3707 281 3768 facta,
301 3712 369 3754 multi
381 3711 465 3755 rerba.
495 3712 626 3768 Utrumque
643 3725 666 3755 v.
683 3712 802 3755 corneliis
816 3710 1005 3755 omisitLachm.
1044 3708 1086 3757 20.
1106 3710 1218 3769 Daulias

97 3781 123 3827 h.
138 3782 155 3824 l.
168 3781 318 3833 Philomela,
339 3781 374 3823 sic
389 3782 451 3823 dicta
469 3780 498 3823 ab
515 3780 574 3824 urbe
590 3781 675 3824 Daulia
694 3781 719 3824 iu
736 3781 856 3833 Phocide,
878 3781 917 3822 ubi
936 3785 996 3823 teste
1016 3780 1124 3838 Thucyd.
1135 3778 1160 3834 2,
1173 3778 1216 3825 29.

98 3851 178 3899 sedem
189 3848 272 3892 habuit
282 3850 384 3893 Tereus.
423 3849 459 3891 lb.
479 3849 562 3911 Itylaa
576 3855 601 3893 ut
610 3848 702 3898 Odrss.
714 3861 745 3901 τ,
760 3846 818 3894 518.
837 3850 900 3892 idem
917 3850 955 3905 qui
968 3849 1027 3892 alias
1040 3848 1099 3901 Itys.
1111 3851 1216 3901 avesa,

97 3920 127 3962 ad
139 3920 210 3976 virg.
224 3918 277 3961 Ecl.
293 3915 322 3972 6,
338 3915 380 3962 80.
418 3915 460 3961 22.
480 3924 587 3975 experta
596 3921 670 3963 Voss.
685 3918 784 3979 eCodd.
804 3916 916 3961 Retinent
929 3919 1015 3962 vuer.
1027 3917 1099 3961 Fosc.
1119 3943 1151 3952 —
1170 3931 1217 3961 ex·

96 3994 184 4043 carpta
197 3988 260 4031 Scal.
277 4008 306 4019 -
326 4000 452 4044 expressa
467 3987 521 4030 ald.
533 3988 609 4031 Docr.
624 3987 677 4031 Sill.
689 3986 787 4030 bachin.
803 3999 864 4029 nnnc
880 3987 993 4039 praetuli.
1020 3985 1057 4050 lb.
1071 3982 1216 4044 Battiadae]

97 4055 171 4110 „Non
188 4071 201 4099 a
217 4057 341 4100 conditore
354 4056 477 4110 Cyrenes,
498 4057 540 4100 sed
556 4055 586 4100 ab
605 4056 658 4112 ipso
677 4061 744 4108 patre
757 4054 917 4098 Callimachus
931 4055 976 4098 fuit
988 4054 1109 4099 Battiades
1122 4057 1197 4100 dictus
1208 4066 1228 4109 ς,

97 4139 153 4169 nam
169 4126 279 4180 Battum,
299 4126 377 4168 virum
395 4125 458 4168 bello
477 4127 583 4179 clarum,
610 4129 702 4179 patrem
720 4123 848 4176 habuisse,
877 4128 978 4167 matrem
996 4123 1131 4169 Mesatmen
1150 4125 1216 4170 novi·

97 4207 151 4238 anns
164 4209 176 4238 a
189 4194 288 4238 Salda.”
305 4195 390 4239 Valck.
419 4194 473 4248 lpse
492 4206 518 4238 ss
537 4195 571 4238 ita
588 4195 691 4251 appellat
708 4192 868 4239 Callimachus
882 4191 953 4250 Epig.
970 4188 1011 4239 37.

147 4275 236 4329 Eelogaa
251 4275 308 4318 Post.
323 4275 367 4316 Lu.
944 4272 964 4333 8
