<?xml version="1.0" encoding="UTF-8"?>
<!DOCTYPE html PUBLIC "-//W3C//DTD XHTML 1.0 Transitional//EN"
    "http://www.w3.org/TR/xhtml1/DTD/xhtml1-transitional.dtd">
<html xmlns="http://www.w3.org/1999/xhtml" xml:lang="en" lang="en">
 <head>
  <title>
</title>
<meta http-equiv="Content-Type" content="text/html;charset=utf-8" />
  <meta name='ocr-system' content='tesseract 3.04.00' />
  <meta name='ocr-capabilities' content='ocr_page ocr_carea ocr_par ocr_line ocrx_word'/>
</head>
<body>
  <div class='ocr_page' id='page_1' title='image "./eclogaepoetarum00orelgoog_0396.png"; bbox 0 0 2782 4762; ppageno 0'>
   <div class='ocr_carea' id='block_1_1' title="bbox 1112 202 1178 270">
    <p class='ocr_par' dir='ltr' id='par_1_1' title="bbox 1112 202 1178 270">
     <span class='ocr_line' id='line_1_1' title="bbox 1112 202 1178 270; baseline -0.045 0"><span class='ocrx_word' id='word_1_1' title='bbox 1112 202 1178 270; x_wconf 74' lang='lat' dir='ltr'><strong>tot-</strong></span> 
     </span>
    </p>
   </div>
   <div class='ocr_carea' id='block_1_2' title="bbox 138 356 1176 2393">
    <p class='ocr_par' dir='ltr' id='par_1_2' title="bbox 139 356 1064 446">
     <span class='ocr_line' id='line_1_2' title="bbox 139 356 1064 446; baseline 0.003 -23"><span class='ocrx_word' id='word_1_2' title='bbox 139 356 312 423; x_wconf 82' lang='lat' dir='ltr'>Tendimus</span> <span class='ocrx_word' id='word_1_3' title='bbox 335 369 368 422; x_wconf 91' lang='lat' dir='ltr'><strong>et</strong></span> <span class='ocrx_word' id='word_1_4' title='bbox 389 368 515 423; x_wconf 81' lang='lat' dir='ltr'><strong>torvam</strong></span> <span class='ocrx_word' id='word_1_5' title='bbox 537 361 664 425; x_wconf 86' lang='lat' dir='ltr'><strong>Boreae</strong></span> <span class='ocrx_word' id='word_1_6' title='bbox 687 359 830 446; x_wconf 80' lang='lat' dir='ltr'><strong>glacialis</strong></span> <span class='ocrx_word' id='word_1_7' title='bbox 853 364 893 425; x_wconf 86' lang='lat' dir='ltr'><strong>ad</strong></span> <span class='ocrx_word' id='word_1_8' title='bbox 915 361 1064 441; x_wconf 82' lang='lat' dir='ltr'><strong>Arcton,</strong></span> 
     </span>
    </p>

    <p class='ocr_par' dir='ltr' id='par_1_3' title="bbox 138 460 887 650">
     <span class='ocr_line' id='line_1_3' title="bbox 225 460 780 545; baseline 0.007 -19"><span class='ocrx_word' id='word_1_9' title='bbox 225 460 397 545; x_wconf 87' lang='lat' dir='ltr'><strong>Canaeque</strong></span> <span class='ocrx_word' id='word_1_10' title='bbox 420 473 543 526; x_wconf 84' lang='lat' dir='ltr'><strong>montes</strong></span> <span class='ocrx_word' id='word_1_11' title='bbox 564 463 735 528; x_wconf 83' lang='lat' dir='ltr'><strong>Russiae.&#39;&#39;</strong></span> <span class='ocrx_word' id='word_1_12' title='bbox 778 526 780 530; x_wconf 12' lang='grc' dir='ltr'><em>Α</em></span> 
     </span>
     <span class='ocr_line' id='line_1_4' title="bbox 138 560 887 650; baseline 0.004 -21"><span class='ocrx_word' id='word_1_13' title='bbox 138 560 231 629; x_wconf 86' lang='lat' dir='ltr'><strong>Dixit</strong></span> <span class='ocrx_word' id='word_1_14' title='bbox 253 575 285 627; x_wconf 88' lang='lat' dir='ltr'><strong>et</strong></span> <span class='ocrx_word' id='word_1_15' title='bbox 306 565 435 628; x_wconf 88' lang='lat' dir='ltr'><strong>incusso</strong></span> <span class='ocrx_word' id='word_1_16' title='bbox 457 587 566 650; x_wconf 76' lang='lat' dir='ltr'><strong>sacras</strong></span> <span class='ocrx_word' id='word_1_17' title='bbox 588 568 676 630; x_wconf 87' lang='lat' dir='ltr'><strong>velut</strong></span> <span class='ocrx_word' id='word_1_18' title='bbox 697 566 792 630; x_wconf 87' lang='lat' dir='ltr'><strong>Isidis</strong></span> <span class='ocrx_word' id='word_1_19' title='bbox 815 579 887 632; x_wconf 85' lang='lat' dir='ltr'><strong>ante</strong></span> 
     </span>
    </p>

    <p class='ocr_par' dir='ltr' id='par_1_4' title="bbox 140 667 1176 854">
     <span class='ocr_line' id='line_1_5' title="bbox 225 667 1176 738; baseline 0.005 -8"><span class='ocrx_word' id='word_1_20' title='bbox 225 667 330 732; x_wconf 87' lang='lat' dir='ltr'><strong>Sistro</strong></span> <span class='ocrx_word' id='word_1_21' title='bbox 352 668 441 733; x_wconf 82' lang='lat' dir='ltr'><strong>fores</strong></span> <span class='ocrx_word' id='word_1_22' title='bbox 464 669 606 733; x_wconf 86' lang='lat' dir='ltr'><strong>evanuit.</strong></span> <span class='ocrx_word' id='word_1_23' title='bbox 1133 671 1176 738; x_wconf 82' lang='lat'><strong>90</strong></span> 
     </span>
     <span class='ocr_line' id='line_1_6' title="bbox 140 770 1039 854; baseline 0.004 -19"><span class='ocrx_word' id='word_1_24' title='bbox 140 772 212 835; x_wconf 89' lang='lat' dir='ltr'><strong>Nec</strong></span> <span class='ocrx_word' id='word_1_25' title='bbox 233 782 268 834; x_wconf 88' lang='lat' dir='ltr'><strong>tu</strong></span> <span class='ocrx_word' id='word_1_26' title='bbox 290 771 382 854; x_wconf 85' lang='lat' dir='ltr'><strong>plura</strong></span> <span class='ocrx_word' id='word_1_27' title='bbox 405 770 505 849; x_wconf 85' lang='lat' dir='ltr'><strong>velis,</strong></span> <span class='ocrx_word' id='word_1_28' title='bbox 530 770 658 836; x_wconf 81' lang='lat' dir='ltr'><strong>Valeri.</strong></span> <span class='ocrx_word' id='word_1_29' title='bbox 704 771 855 854; x_wconf 87' lang='lat' dir='ltr'><strong>Quaesita</strong></span> <span class='ocrx_word' id='word_1_30' title='bbox 877 783 1039 839; x_wconf 76' lang='lat' dir='ltr'><strong>tenemusz</strong></span> 
     </span>
    </p>

    <p class='ocr_par' dir='ltr' id='par_1_5' title="bbox 141 874 1062 1063">
     <span class='ocr_line' id='line_1_7' title="bbox 225 874 631 957; baseline 0.01 -22"><span class='ocrx_word' id='word_1_31' title='bbox 225 874 363 957; x_wconf 87' lang='lat' dir='ltr'><strong>Stupere</strong></span> <span class='ocrx_word' id='word_1_32' title='bbox 385 895 488 956; x_wconf 89' lang='lat' dir='ltr'><strong>porro</strong></span> <span class='ocrx_word' id='word_1_33' title='bbox 511 875 631 939; x_wconf 83' lang='lat' dir='ltr'><strong>desine.</strong></span> 
     </span>
     <span class='ocr_line' id='line_1_8' title="bbox 141 975 1062 1063; baseline 0.004 -23"><span class='ocrx_word' id='word_1_34' title='bbox 141 975 227 1040; x_wconf 89' lang='lat' dir='ltr'><strong>Hinc</strong></span> <span class='ocrx_word' id='word_1_35' title='bbox 248 979 362 1040; x_wconf 85' lang='lat' dir='ltr'><strong>doctos</strong></span> <span class='ocrx_word' id='word_1_36' title='bbox 384 998 448 1042; x_wconf 90' lang='lat' dir='ltr'><strong>non</strong></span> <span class='ocrx_word' id='word_1_37' title='bbox 472 978 539 1042; x_wconf 91' lang='lat' dir='ltr'><strong>sola</strong></span> <span class='ocrx_word' id='word_1_38' title='bbox 563 978 651 1044; x_wconf 81' lang='lat' dir='ltr'><strong>viros</strong></span> <span class='ocrx_word' id='word_1_39' title='bbox 673 977 733 1040; x_wconf 86' lang='lat' dir='ltr'><strong>iam</strong></span> <span class='ocrx_word' id='word_1_40' title='bbox 758 977 894 1042; x_wconf 75' lang='lat' dir='ltr'><strong>Graecia</strong></span> <span class='ocrx_word' id='word_1_41' title='bbox 911 979 1062 1063; x_wconf 80' lang='lat' dir='ltr'><strong>profert,</strong></span> 
     </span>
    </p>

    <p class='ocr_par' dir='ltr' id='par_1_6' title="bbox 140 1064 1174 1269">
     <span class='ocr_line' id='line_1_9' title="bbox 203 1064 618 1145; baseline 0.005 -3"><span class='ocrx_word' id='word_1_42' title='bbox 203 1064 296 1143; x_wconf 57' lang='lat' dir='ltr'><strong>&#39;Nec</strong></span> <span class='ocrx_word' id='word_1_43' title='bbox 317 1081 384 1143; x_wconf 80' lang='lat' dir='ltr'><strong>sola</strong></span> <span class='ocrx_word' id='word_1_44' title='bbox 408 1081 501 1145; x_wconf 77' lang='lat' dir='ltr'><strong>tellus</strong></span> <span class='ocrx_word' id='word_1_45' title='bbox 522 1081 618 1145; x_wconf 87' lang='lat' dir='ltr'><strong>Itala.</strong></span> 
     </span>
     <span class='ocr_line' id='line_1_10' title="bbox 140 1173 1174 1269; baseline 0.006 -23"><span class='ocrx_word' id='word_1_46' title='bbox 140 1173 225 1246; x_wconf 87' lang='lat' dir='ltr'><strong>Hinc</strong></span> <span class='ocrx_word' id='word_1_47' title='bbox 247 1192 298 1247; x_wconf 81' lang='lat' dir='ltr'><strong>eet</strong></span> <span class='ocrx_word' id='word_1_48' title='bbox 317 1183 462 1246; x_wconf 81' lang='lat' dir='ltr'><strong>multifidi</strong></span> <span class='ocrx_word' id='word_1_49' title='bbox 484 1183 564 1247; x_wconf 80' lang='lat' dir='ltr'><strong>lelix</strong></span> <span class='ocrx_word' id='word_1_50' title='bbox 585 1183 739 1246; x_wconf 86' lang='lat' dir='ltr'><strong>industria</strong></span> <span class='ocrx_word' id='word_1_51' title='bbox 762 1184 883 1269; x_wconf 84' lang='lat' dir='ltr'><strong>Belgae</strong></span> <span class='ocrx_word' id='word_1_52' title='bbox 1133 1188 1174 1252; x_wconf 80' lang='lat'><strong>95</strong></span> 
     </span>
    </p>

    <p class='ocr_par' dir='ltr' id='par_1_7' title="bbox 139 1285 910 1472">
     <span class='ocr_line' id='line_1_11' title="bbox 224 1285 628 1352; baseline 0.002 -2"><span class='ocrx_word' id='word_1_53' title='bbox 224 1288 323 1350; x_wconf 83' lang='lat' dir='ltr'><strong>Artes</strong></span> <span class='ocrx_word' id='word_1_54' title='bbox 346 1285 376 1348; x_wconf 91' lang='lat' dir='ltr'><strong>in</strong></span> <span class='ocrx_word' id='word_1_55' title='bbox 400 1307 509 1349; x_wconf 88' lang='lat' dir='ltr'><strong>omnes</strong></span> <span class='ocrx_word' id='word_1_56' title='bbox 531 1285 628 1352; x_wconf 84' lang='lat' dir='ltr'><strong>utilis.</strong></span> 
     </span>
     <span class='ocr_line' id='line_1_12' title="bbox 139 1388 910 1472; baseline 0.004 -20"><span class='ocrx_word' id='word_1_57' title='bbox 139 1388 225 1452; x_wconf 89' lang='lat' dir='ltr'><strong>Hinc</strong></span> <span class='ocrx_word' id='word_1_58' title='bbox 248 1390 390 1454; x_wconf 86' lang='lat' dir='ltr'><strong>Batavus</strong></span> <span class='ocrx_word' id='word_1_59' title='bbox 412 1389 528 1453; x_wconf 85' lang='lat' dir='ltr'><strong>sollers</strong></span> <span class='ocrx_word' id='word_1_60' title='bbox 550 1399 583 1453; x_wconf 93' lang='lat' dir='ltr'><strong>et</strong></span> <span class='ocrx_word' id='word_1_61' title='bbox 604 1389 776 1472; x_wconf 82' lang='lat' dir='ltr'><strong>piscatoria</strong></span> <span class='ocrx_word' id='word_1_62' title='bbox 798 1392 910 1472; x_wconf 84' lang='lat' dir='ltr'><strong>cymba</strong></span> 
     </span>
    </p>

    <p class='ocr_par' dir='ltr' id='par_1_8' title="bbox 139 1491 922 1677">
     <span class='ocr_line' id='line_1_13' title="bbox 224 1491 712 1557; baseline 0 0"><span class='ocrx_word' id='word_1_63' title='bbox 224 1491 340 1557; x_wconf 82' lang='lat' dir='ltr'><strong>Multis</strong></span> <span class='ocrx_word' id='word_1_64' title='bbox 362 1496 524 1556; x_wconf 83' lang='lat' dir='ltr'><strong>tremenda</strong></span> <span class='ocrx_word' id='word_1_65' title='bbox 546 1493 712 1557; x_wconf 84' lang='lat' dir='ltr'><strong>classibus.</strong></span> 
     </span>
     <span class='ocr_line' id='line_1_14' title="bbox 139 1594 922 1677; baseline 0.003 -19"><span class='ocrx_word' id='word_1_66' title='bbox 139 1594 226 1659; x_wconf 90' lang='lat' dir='ltr'><strong>Hinc</strong></span> <span class='ocrx_word' id='word_1_67' title='bbox 249 1595 372 1659; x_wconf 90' lang='lat' dir='ltr'><strong>numeri</strong></span> <span class='ocrx_word' id='word_1_68' title='bbox 393 1596 501 1659; x_wconf 78' lang='lat' dir='ltr'><strong>faciles</strong></span> <span class='ocrx_word' id='word_1_69' title='bbox 524 1609 556 1660; x_wconf 94' lang='lat' dir='ltr'><strong>et</strong></span> <span class='ocrx_word' id='word_1_70' title='bbox 577 1597 641 1658; x_wconf 86' lang='lat' dir='ltr'><strong>rasi</strong></span> <span class='ocrx_word' id='word_1_71' title='bbox 661 1596 786 1677; x_wconf 87' lang='lat' dir='ltr'><strong>pumice</strong></span> <span class='ocrx_word' id='word_1_72' title='bbox 810 1618 922 1660; x_wconf 87' lang='lat' dir='ltr'><strong>versus</strong></span> 
     </span>
    </p>

    <p class='ocr_par' dir='ltr' id='par_1_9' title="bbox 140 1699 1176 1891">
     <span class='ocr_line' id='line_1_15' title="bbox 227 1699 1176 1783; baseline 0.003 -21"><span class='ocrx_word' id='word_1_73' title='bbox 227 1702 256 1762; x_wconf 86' lang='lat' dir='ltr'>T</span> <span class='ocrx_word' id='word_1_74' title='bbox 260 1701 403 1782; x_wconf 86' lang='lat' dir='ltr'><strong>ubaequc</strong></span> <span class='ocrx_word' id='word_1_75' title='bbox 425 1699 559 1783; x_wconf 86' lang='lat' dir='ltr'><strong>clangor</strong></span> <span class='ocrx_word' id='word_1_76' title='bbox 581 1720 710 1763; x_wconf 83' lang='lat' dir='ltr'><strong>aureae.</strong></span> <span class='ocrx_word' id='word_1_77' title='bbox 1114 1704 1176 1765; x_wconf 83' lang='lat'><strong>100</strong></span> 
     </span>
     <span class='ocr_line' id='line_1_16' title="bbox 140 1799 952 1891; baseline 0 -24"><span class='ocrx_word' id='word_1_78' title='bbox 140 1802 225 1867; x_wconf 91' lang='lat' dir='ltr'><strong>Hinc</strong></span> <span class='ocrx_word' id='word_1_79' title='bbox 246 1801 330 1865; x_wconf 89' lang='lat' dir='ltr'><strong>inter</strong></span> <span class='ocrx_word' id='word_1_80' title='bbox 351 1799 470 1883; x_wconf 90' lang='lat' dir='ltr'><strong>primas</strong></span> <span class='ocrx_word' id='word_1_81' title='bbox 493 1803 633 1866; x_wconf 86' lang='lat' dir='ltr'><strong>animosa</strong></span> <span class='ocrx_word' id='word_1_82' title='bbox 656 1802 823 1886; x_wconf 83' lang='lat' dir='ltr'><strong>tragoedia</strong></span> <span class='ocrx_word' id='word_1_83' title='bbox 846 1804 952 1891; x_wconf 88' lang='lat' dir='ltr'><strong>magni</strong></span> 
     </span>
    </p>

    <p class='ocr_par' dir='ltr' id='par_1_10' title="bbox 141 1903 1014 2082">
     <span class='ocr_line' id='line_1_17' title="bbox 226 1903 603 1969; baseline 0 -2"><span class='ocrx_word' id='word_1_84' title='bbox 226 1906 270 1967; x_wconf 91' lang='lat' dir='ltr'><strong>Et</strong></span> <span class='ocrx_word' id='word_1_85' title='bbox 292 1903 458 1968; x_wconf 87' lang='lat' dir='ltr'><strong>invidenda</strong></span> <span class='ocrx_word' id='word_1_86' title='bbox 481 1903 603 1969; x_wconf 84' lang='lat' dir='ltr'><strong>Grotii.</strong></span> 
     </span>
     <span class='ocr_line' id='line_1_18' title="bbox 141 2003 1014 2082; baseline 0.005 -16"><span class='ocrx_word' id='word_1_87' title='bbox 141 2003 228 2066; x_wconf 90' lang='lat' dir='ltr'><strong>Hinc</strong></span> <span class='ocrx_word' id='word_1_88' title='bbox 250 2014 298 2065; x_wconf 80' lang='lat' dir='ltr'><strong>est</strong></span> <span class='ocrx_word' id='word_1_89' title='bbox 320 2003 512 2067; x_wconf 83' lang='lat' dir='ltr'><strong>Sarmaticae</strong></span> <span class='ocrx_word' id='word_1_90' title='bbox 534 2003 647 2067; x_wconf 87' lang='lat' dir='ltr'><strong>fidicen</strong></span> <span class='ocrx_word' id='word_1_91' title='bbox 670 2005 894 2068; x_wconf 87' lang='lat' dir='ltr'><strong>celeberrimus</strong></span> <span class='ocrx_word' id='word_1_92' title='bbox 918 2027 1014 2082; x_wconf 84' lang='lat' dir='ltr'><strong>orae,</strong></span> 
     </span>
    </p>

    <p class='ocr_par' dir='ltr' id='par_1_11' title="bbox 140 2104 1175 2294">
     <span class='ocr_line' id='line_1_19' title="bbox 226 2104 665 2188; baseline -0.002 -19"><span class='ocrx_word' id='word_1_93' title='bbox 226 2106 294 2169; x_wconf 86' lang='lat' dir='ltr'><strong>Par</strong></span> <span class='ocrx_word' id='word_1_94' title='bbox 317 2104 492 2170; x_wconf 85' lang='lat' dir='ltr'><strong>Casimirus</strong></span> <span class='ocrx_word' id='word_1_95' title='bbox 516 2108 665 2188; x_wconf 87' lang='lat' dir='ltr'><strong>Orpheo.</strong></span> 
     </span>
     <span class='ocr_line' id='line_1_20' title="bbox 140 2207 1175 2294; baseline 0.007 -24"><span class='ocrx_word' id='word_1_96' title='bbox 140 2209 248 2284; x_wconf 89' lang='lat' dir='ltr'><strong>lacta,</strong></span> <span class='ocrx_word' id='word_1_97' title='bbox 274 2207 396 2288; x_wconf 88' lang='lat' dir='ltr'><strong>Tybri,</strong></span> <span class='ocrx_word' id='word_1_98' title='bbox 421 2219 513 2285; x_wconf 87' lang='lat' dir='ltr'><strong>tuos,</strong></span> <span class='ocrx_word' id='word_1_99' title='bbox 539 2221 658 2292; x_wconf 91' lang='lat' dir='ltr'><strong>quanto</strong></span> <span class='ocrx_word' id='word_1_100' title='bbox 681 2220 773 2292; x_wconf 83' lang='lat' dir='ltr'><strong>potes</strong></span> <span class='ocrx_word' id='word_1_101' title='bbox 797 2232 875 2289; x_wconf 86' lang='lat' dir='ltr'><strong>ore,</strong></span> <span class='ocrx_word' id='word_1_102' title='bbox 900 2211 1031 2294; x_wconf 80' lang='lat' dir='ltr'><strong>po&#39;e&#39;tas:</strong></span> <span class='ocrx_word' id='word_1_103' title='bbox 1113 2214 1175 2277; x_wconf 79' lang='lat'><strong>105</strong></span> 
     </span>
    </p>

    <p class='ocr_par' dir='ltr' id='par_1_12' title="bbox 224 2312 648 2393">
     <span class='ocr_line' id='line_1_21' title="bbox 224 2312 648 2393; baseline 0.002 -18"><span class='ocrx_word' id='word_1_104' title='bbox 224 2313 291 2376; x_wconf 91' lang='lat' dir='ltr'><strong>Suo</strong></span> <span class='ocrx_word' id='word_1_105' title='bbox 313 2312 484 2393; x_wconf 84' lang='lat' dir='ltr'><strong>triumphat</strong></span> <span class='ocrx_word' id='word_1_106' title='bbox 506 2312 648 2379; x_wconf 85' lang='lat' dir='ltr'><strong>Vistula.</strong></span> 
     </span>
    </p>
   </div>
   <div class='ocr_carea' id='block_1_3' title="bbox 92 2694 1174 2906">
    <p class='ocr_par' dir='ltr' id='par_1_13' title="bbox 92 2694 1174 2906">
     <span class='ocr_line' id='line_1_22' title="bbox 92 2694 1174 2817; baseline 0.005 -31"><span class='ocrx_word' id='word_1_107' title='bbox 92 2725 137 2789; x_wconf 85' lang='lat' dir='ltr'><strong>x.</strong></span> <span class='ocrx_word' id='word_1_108' title='bbox 174 2723 239 2788; x_wconf 80' lang='lat' dir='ltr'><strong>nn</strong></span> <span class='ocrx_word' id='word_1_109' title='bbox 262 2694 597 2786; x_wconf 70' lang='lat' dir='ltr'><strong>nanrnonnum</strong></span> <span class='ocrx_word' id='word_1_110' title='bbox 627 2723 860 2817; x_wconf 78' lang='lat' dir='ltr'><strong>uruuswm</strong></span> <span class='ocrx_word' id='word_1_111' title='bbox 883 2726 929 2788; x_wconf 91' lang='lat' dir='ltr'><strong>v.</strong></span> <span class='ocrx_word' id='word_1_112' title='bbox 954 2722 996 2789; x_wconf 84' lang='lat' dir='ltr'><strong>o.</strong></span> <span class='ocrx_word' id='word_1_113' title='bbox 1020 2726 1174 2792; x_wconf 78' lang='lat' dir='ltr'><strong>Mura-</strong></span> 
     </span>
     <span class='ocr_line' id='line_1_23' title="bbox 469 2842 756 2906; baseline 0.007 -3"><span class='ocrx_word' id='word_1_114' title='bbox 469 2842 756 2906; x_wconf 69' lang='lat' dir='ltr'><strong>morenosm.</strong></span> 
     </span>
    </p>
   </div>
   <div class='ocr_carea' id='block_1_4' title="bbox 140 3010 1001 3298">
    <p class='ocr_par' dir='ltr' id='par_1_14' title="bbox 140 3010 1001 3298">
     <span class='ocr_line' id='line_1_24' title="bbox 140 3010 1001 3097; baseline 0.005 -26"><span class='ocrx_word' id='word_1_115' title='bbox 140 3010 177 3071; x_wconf 94' lang='lat' dir='ltr'><strong>In</strong></span> <span class='ocrx_word' id='word_1_116' title='bbox 200 3031 285 3074; x_wconf 90' lang='lat' dir='ltr'><strong>nova</strong></span> <span class='ocrx_word' id='word_1_117' title='bbox 309 3030 372 3072; x_wconf 91' lang='lat' dir='ltr'><strong>non</strong></span> <span class='ocrx_word' id='word_1_118' title='bbox 394 3020 513 3072; x_wconf 89' lang='lat' dir='ltr'><strong>temere</strong></span> <span class='ocrx_word' id='word_1_119' title='bbox 536 3020 670 3073; x_wconf 82' lang='lat' dir='ltr'><strong>rnutatas</strong></span> <span class='ocrx_word' id='word_1_120' title='bbox 693 3013 787 3074; x_wconf 88' lang='lat' dir='ltr'><strong>crede</strong></span> <span class='ocrx_word' id='word_1_121' title='bbox 809 3012 1001 3097; x_wconf 79' lang='lat' dir='ltr'><strong>Pelasgum,</strong></span> 
     </span>
     <span class='ocr_line' id='line_1_25' title="bbox 224 3111 749 3194; baseline 0.004 -21"><span class='ocrx_word' id='word_1_122' title='bbox 224 3111 420 3188; x_wconf 86' lang='lat' dir='ltr'><strong>Bartholdc,</strong></span> <span class='ocrx_word' id='word_1_123' title='bbox 444 3112 566 3176; x_wconf 76' lang='lat' dir='ltr'><strong>formas</strong></span> <span class='ocrx_word' id='word_1_124' title='bbox 589 3133 749 3194; x_wconf 85' lang='lat' dir='ltr'><strong>corpora,</strong></span> 
     </span>
     <span class='ocr_line' id='line_1_26' title="bbox 309 3213 669 3298; baseline 0.003 -22"><span class='ocrx_word' id='word_1_125' title='bbox 309 3213 549 3298; x_wconf 86' lang='lat' dir='ltr'><strong>Qualiacunque</strong></span> <span class='ocrx_word' id='word_1_126' title='bbox 573 3215 669 3298; x_wconf 86' lang='lat' dir='ltr'><strong>legis.</strong></span> 
     </span>
    </p>
   </div>
   <div class='ocr_carea' id='block_1_5' title="bbox 139 3354 1174 3631">
    <p class='ocr_par' dir='ltr' id='par_1_15' title="bbox 139 3354 1174 3631">
     <span class='ocr_line' id='line_1_27' title="bbox 139 3354 961 3436; baseline 0.004 -18"><span class='ocrx_word' id='word_1_127' title='bbox 139 3354 296 3419; x_wconf 87' lang='lat' dir='ltr'><strong>Nimirum</strong></span> <span class='ocrx_word' id='word_1_128' title='bbox 319 3377 432 3419; x_wconf 87' lang='lat' dir='ltr'><strong>causae</strong></span> <span class='ocrx_word' id='word_1_129' title='bbox 455 3357 609 3430; x_wconf 82' lang='lat' dir='ltr'><strong>subsunt,</strong></span> <span class='ocrx_word' id='word_1_130' title='bbox 634 3376 692 3418; x_wconf 87' lang='lat' dir='ltr'><strong>cur</strong></span> <span class='ocrx_word' id='word_1_131' title='bbox 712 3355 766 3421; x_wconf 92' lang='lat' dir='ltr'><strong>ille</strong></span> <span class='ocrx_word' id='word_1_132' title='bbox 788 3359 961 3436; x_wconf 83' lang='lat' dir='ltr'><strong>iuvencus,</strong></span> 
     </span>
     <span class='ocr_line' id='line_1_28' title="bbox 223 3457 1174 3542; baseline 0.005 -21"><span class='ocrx_word' id='word_1_133' title='bbox 223 3459 315 3521; x_wconf 89' lang='lat' dir='ltr'><strong>Haec</strong></span> <span class='ocrx_word' id='word_1_134' title='bbox 337 3480 434 3522; x_wconf 88' lang='lat' dir='ltr'><strong>vacca</strong></span> <span class='ocrx_word' id='word_1_135' title='bbox 458 3458 527 3522; x_wconf 88' lang='lat' dir='ltr'><strong>fiat.</strong></span> <span class='ocrx_word' id='word_1_136' title='bbox 575 3457 722 3542; x_wconf 90' lang='lat' dir='ltr'><strong>Corripit</strong></span> <span class='ocrx_word' id='word_1_137' title='bbox 1155 3463 1174 3526; x_wconf 80' lang='grc' dir='ltr'><strong><em>ὃ</em></strong></span> 
     </span>
     <span class='ocr_line' id='line_1_29' title="bbox 307 3560 743 3631; baseline 0.005 -8"><span class='ocrx_word' id='word_1_138' title='bbox 307 3560 463 3631; x_wconf 81' lang='lat' dir='ltr'><strong>Proxima</strong></span> <span class='ocrx_word' id='word_1_139' title='bbox 485 3562 591 3625; x_wconf 81' lang='lat' dir='ltr'><strong>forma</strong></span> <span class='ocrx_word' id='word_1_140' title='bbox 614 3582 743 3626; x_wconf 84' lang='lat' dir='ltr'><strong>novam.</strong></span> 
     </span>
    </p>
   </div>
   <div class='ocr_carea' id='block_1_6' title="bbox 139 3681 899 3990">
    <p class='ocr_par' dir='ltr' id='par_1_16' title="bbox 139 3681 899 3990">
     <span class='ocr_line' id='line_1_30' title="bbox 139 3681 899 3786; baseline -0.001 -20"><span class='ocrx_word' id='word_1_141' title='bbox 139 3701 292 3786; x_wconf 85' lang='lat' dir='ltr'><strong>Obriguit</strong></span> <span class='ocrx_word' id='word_1_142' title='bbox 316 3702 444 3777; x_wconf 87' lang='lat' dir='ltr'><strong>Battus;</strong></span> <span class='ocrx_word' id='word_1_143' title='bbox 468 3704 524 3765; x_wconf 83' lang='lat' dir='ltr'><strong>sed</strong></span> <span class='ocrx_word' id='word_1_144' title='bbox 546 3700 618 3765; x_wconf 88' lang='lat' dir='ltr'><strong>duri</strong></span> <span class='ocrx_word' id='word_1_145' title='bbox 639 3700 777 3766; x_wconf 85' lang='lat' dir='ltr'><strong>rusticus</strong></span> <span class='ocrx_word' id='word_1_146' title='bbox 802 3681 899 3766; x_wconf 77' lang='lat' dir='ltr'><strong>oris.=</strong></span> 
     </span>
     <span class='ocr_line' id='line_1_31' title="bbox 223 3802 702 3887; baseline -0.002 -20"><span class='ocrx_word' id='word_1_147' title='bbox 223 3807 353 3887; x_wconf 88' lang='lat' dir='ltr'><strong>Lupum</strong></span> <span class='ocrx_word' id='word_1_148' title='bbox 376 3805 510 3884; x_wconf 87' lang='lat' dir='ltr'><strong>Lycaon</strong></span> <span class='ocrx_word' id='word_1_149' title='bbox 534 3802 702 3887; x_wconf 84' lang='lat' dir='ltr'><strong>exprimit,</strong></span> 
     </span>
     <span class='ocr_line' id='line_1_32' title="bbox 220 3905 651 3990; baseline -0.002 -20"><span class='ocrx_word' id='word_1_150' title='bbox 220 3934 223 3939; x_wconf 95' lang='lat'>·</span> <span class='ocrx_word' id='word_1_151' title='bbox 307 3905 444 3970; x_wconf 91' lang='lat' dir='ltr'><strong>Saevior</strong></span> <span class='ocrx_word' id='word_1_152' title='bbox 466 3918 537 3970; x_wconf 84' lang='lat' dir='ltr'><strong>ante</strong></span> <span class='ocrx_word' id='word_1_153' title='bbox 559 3907 651 3990; x_wconf 87' lang='lat' dir='ltr'><strong>lupo.</strong></span> 
     </span>
    </p>
   </div>
   <div class='ocr_carea' id='block_1_7' title="bbox 138 4045 1175 4335">
    <p class='ocr_par' dir='ltr' id='par_1_17' title="bbox 138 4045 1175 4335">
     <span class='ocr_line' id='line_1_33' title="bbox 138 4045 1175 4117; baseline -0.002 -4"><span class='ocrx_word' id='word_1_154' title='bbox 138 4048 246 4113; x_wconf 79' lang='lat' dir='ltr'><strong>inat-ar</strong></span> <span class='ocrx_word' id='word_1_155' title='bbox 267 4048 383 4111; x_wconf 85' lang='lat' dir='ltr'><strong>monlis</strong></span> <span class='ocrx_word' id='word_1_156' title='bbox 406 4047 500 4111; x_wconf 85' lang='lat' dir='ltr'><strong>Atlas</strong></span> <span class='ocrx_word' id='word_1_157' title='bbox 521 4047 559 4110; x_wconf 89' lang='lat' dir='ltr'><strong>fit</strong></span> <span class='ocrx_word' id='word_1_158' title='bbox 580 4068 689 4112; x_wconf 82' lang='lat' dir='ltr'><strong>mons:</strong></span> <span class='ocrx_word' id='word_1_159' title='bbox 713 4047 751 4112; x_wconf 90' lang='lat' dir='ltr'><strong>lit</strong></span> <span class='ocrx_word' id='word_1_160' title='bbox 772 4068 887 4114; x_wconf 84' lang='lat' dir='ltr'><strong>aranea</strong></span> <span class='ocrx_word' id='word_1_161' title='bbox 910 4045 1040 4117; x_wconf 80' lang='lat' dir='ltr'><strong>textrix.</strong></span> <span class='ocrx_word' id='word_1_162' title='bbox 1133 4049 1175 4111; x_wconf 81' lang='lat' dir='ltr'><strong>lo</strong></span> 
     </span>
     <span class='ocr_line' id='line_1_34' title="bbox 224 4147 650 4234; baseline -0.002 -20"><span class='ocrx_word' id='word_1_163' title='bbox 224 4147 324 4214; x_wconf 86' lang='lat' dir='ltr'><strong>Cunis</strong></span> <span class='ocrx_word' id='word_1_164' title='bbox 347 4149 379 4213; x_wconf 91' lang='lat' dir='ltr'><strong>in</strong></span> <span class='ocrx_word' id='word_1_165' title='bbox 401 4149 479 4232; x_wconf 86' lang='lat' dir='ltr'><strong>ipsis</strong></span> <span class='ocrx_word' id='word_1_166' title='bbox 501 4149 650 4234; x_wconf 84' lang='lat' dir='ltr'><strong>vagiens,</strong></span> 
     </span>
     <span class='ocr_line' id='line_1_35' title="bbox 308 4251 720 4335; baseline 0.005 -18"><span class='ocrx_word' id='word_1_167' title='bbox 308 4252 386 4317; x_wconf 84' lang='lat' dir='ltr'><strong>Flos</strong></span> <span class='ocrx_word' id='word_1_168' title='bbox 410 4251 610 4335; x_wconf 88' lang='lat' dir='ltr'><strong>Hyacinthus</strong></span> <span class='ocrx_word' id='word_1_169' title='bbox 639 4266 720 4319; x_wconf 84' lang='lat' dir='ltr'><strong>erat.</strong></span> 
     </span>
    </p>
   </div>
   <div class='ocr_carea' id='block_1_8' title="bbox 0 0 1398 4762">
    <p class='ocr_par' dir='ltr' id='par_1_18' title="bbox 0 0 1398 4762">
     <span class='ocr_line' id='line_1_36' title="bbox 0 0 1398 4762; baseline 0 0"><span class='ocrx_word' id='word_1_170' title='bbox 0 0 1398 4762; x_wconf 95' lang='lat' dir='ltr'><strong> </strong></span> 
     </span>
    </p>
   </div>
  </div>
 </body>
</html>
