2782 4762
1170 189 1235 255 209

465 390 640 454 surina
664 389 873 472 potura.

153 515 260 588 „Rem
282 511 396 594 populi
410 522 529 574 tractas
541 501 584 572 ?'’
608 543 647 556 -—
671 514 840 574 barbatum
858 511 922 572 hoo
938 511 1032 572 erede
1048 506 1234 591 magistrum

111 615 251 690 Dicere,
276 612 412 677 sorbitio
434 613 519 676 tollit
541 634 635 696 quem
658 613 727 675 dira
751 611 892 674 cicutae:
916 643 957 652 -

112 717 215 799 „Quo
238 715 366 779 fretus?
389 715 456 790 dic,
482 736 501 778 o
526 713 631 798 magni
653 713 772 796 pupille
796 711 932 777 Pericli!

114 819 242 882 Scilicet
264 818 425 903 ingenium
448 828 478 879 et
501 837 606 879 rerum
629 816 798 898 prudentia
821 815 920 879 velox

114 923 201 986 Ante
222 920 307 1002 pilos
330 919 434 994 venit,
460 918 589 980 dicenda
612 921 807 1002 tacendaque
831 918 939 980 ealles.

114 1024 208 1106 Ergo
231 1022 285 1085 ubi
306 1033 466 1085 commota
488 1021 594 1083 fervet
614 1020 782 1103 plebecula
804 1020 890 1095 bile,

114 1125 194 1188 Fert
216 1122 336 1186 animus
360 1123 479 1185 calidae
500 1119 616 1184 fecisse
638 1121 763 1185 silentia
786 1124 899 1185 turbae

115 1226 289 1290 Maiestate
312 1245 433 1286 manns.
480 1224 565 1303 Quid
588 1223 699 1286 deinde
720 1222 907 1307 loquere?'’
931 1254 966 1267 ·-
994 1222 1188 1305 ,Quirites,

114 1330 209 1404 Hoc,
234 1338 335 1409 puta,
361 1347 425 1388 non
448 1325 562 1389 iustum
585 1336 652 1400 cst;
675 1325 754 1388 illud
776 1326 873 1403 male,
898 1325 1018 1390 rectius
1038 1322 1153 1387 illud.”
1177 1359 1217 1371 -

114 1430 186 1494 Scis
209 1428 325 1492 etenim
347 1427 463 1491 iustum
488 1426 611 1512 gemina
635 1429 829 1510 suspendere
850 1427 942 1491 lance
1095 1408 1099 1419 ’
1199 1426 1238 1487 10

115 1530 276 1613 Ancipitis
298 1529 417 1592 librae:
440 1540 562 1592 rectum
587 1527 758 1604 discernis,
784 1528 839 1591 ubi
859 1529 943 1591 inter

116 1633 229 1698 Curva
251 1631 336 1695 subit
358 1631 411 1694 vel
434 1651 532 1714 quom
554 1630 636 1692 fallit
656 1634 739 1712 pede
760 1632 875 1714 regula
897 1652 999 1695 varo:

116 1738 162 1800 Et
183 1733 268 1818 potis
291 1755 326 1796 es
347 1732 472 1817 nigrum
497 1732 574 1797 vitio
597 1733 777 1816 praefigere
799 1735 900 1796 theta.
922 1768 963 1780 -

118 1837 204 1918 Quin
226 1847 261 1898 tn
283 1834 384 1919 igitur
406 1857 528 1897 summa
549 1835 764 1919 nequidquam
785 1836 870 1918 pelle
893 1837 1028 1899 decorus

117 1936 206 1998 Ante
229 1933 311 1996 diem
333 1934 450 1996 blando
474 1934 603 1995 eandam
625 1933 746 1995 iactare
768 1933 901 2015 popello

117 2034 264 2111 Desinis,
289 2033 463 2114 Anticyras
485 2033 597 2098 melior
619 2036 753 2097 sorbere
776 2054 933 2097 meracas.
957 2069 999 2080 -

118 2138 211 2218 Quae
233 2135 292 2199 tibi
313 2157 435 2200 summa
457 2135 535 2200 boni
557 2133 628 2198 est?
649 2148 744 2198 uncta
765 2135 886 2199 vixisse
908 2136 1025 2218 patella

119 2241 254 2321 Semper
277 2248 309 2301 et
330 2237 461 2300 assiduo
483 2249 592 2301 curata
614 2236 752 2301 cuticula
774 2238 869 2302 sole?
892 2270 933 2282 —

119 2342 306 2422 Exspecta3
330 2341 414 2402 haud
436 2339 522 2402 aliud
542 2343 737 2421 respondeat
758 2343 838 2404 haec
860 2362 950 2404 anus.
974 2375 1016 2386 -
1037 2339 1055 2405 Ι
1076 2341 1176 2406 nrtncl
1199 2369 1240 2380 -
1300 2364 1304 2369 ·

119 2441 359 2516 ,Dinomaches
396 2461 459 2524 ego
495 2440 605 2504 sum.'’
641 2477 683 2490 -
720 2442 830 2506 Suffla.
868 2474 909 2528 —7
944 2443 1045 2517 „Sum
1081 2441 1188 2503 candi·

882 2544 1145 2614 dus.'''-Esto.
1201 2543 1243 2604 20

192 2742 317 2790 SATIRA.
338 2745 381 2789 lv.
430 2743 453 2788 1.
480 2768 513 2779 -
537 2742 598 2788 doec
621 2745 697 2790 crede
721 2747 771 2790 VS.
793 2763 825 2778 -
843 2744 974 2789 barbatum
990 2743 1063 2787 crede
1078 2744 1113 2787 M.
1164 2741 1188 2786 2.
1211 2762 1241 2774 -

120 2829 193 2875 quem
220 2815 285 2858 tollit
307 2815 339 2858 V.
401 2810 426 2860 3.
452 2812 513 2869 dic,
541 2812 566 2871 o]
585 2814 615 2857 tt.
635 2814 728 2859 —dic
749 2813 794 2858 ltoc
817 2814 907 2874 magni
924 2813 1067 2858 TEVSAM.
1128 2809 1152 2856 9.
1168 2808 1243 2869 petto]

121 2885 200 2928 Codd.
219 2884 278 2940 aliq.
305 2887 330 2927 et
355 2882 435 2927 Prisc.
462 2896 486 2938 p.
514 2880 590 2928 1⁰06.
614 2883 714 2928 Pntsch.
733 2902 767 2918 -·
781 2889 842 2941 poto
863 2883 1028 2928 TRVESAM.
1077 2881 1114 2928 lb.
1135 2903 1169 2914 ·-
1187 2885 1244 2925 eet:

120 2954 177 2998 siro
194 2953 259 2996 mole
274 2951 306 2996 ll.
342 2950 379 2995 lb.
399 2972 433 2987 -
451 2951 521 2996 istud
536 2953 606 2996 RSA.
646 2951 687 2997 11.
710 2975 739 2986 -
759 2952 875 2997 decernis
893 2953 929 2997 M.
948 2952 1009 2995 Post
1023 2964 1046 2994 v.
1069 2947 1109 2994 13.
1130 2951 1191 2994 hune
1207 2950 1244 2994 in·

121 3023 202 3066 culcat
217 3021 271 3065 nt:
304 3017 327 3064 0
343 3020 449 3066 muitum
466 3026 524 3066 onte
541 3022 610 3066 oliae
628 3019 722 3082 infelix
738 3022 815 3066 litera
832 3019 909 3067 theto.
959 3018 1000 3065 15.
1024 3041 1051 3052 ·-
1068 3017 1154 3077 pendo
1169 3019 1199 3064 ll.
1220 3019 1244 3062 in

122 3102 202 3148 marg.
230 3087 331 3134 blondo.

124 3188 274 3205 -0
291 3188 293 3195 ¹

194 3250 319 3295 SATIRA.
339 3251 384 3295 lV.
423 3248 446 3296 l.
467 3249 528 3296 boec
546 3251 620 3299 crede
638 3269 660 3298 r.
708 3252 732 3299 3.
753 3253 794 3298 dic
811 3251 857 3298 ime
874 3266 896 3297 r.
935 3250 960 3296 9.
978 3249 1110 3307 putoer.
1149 3250 1185 3293 lb.
1205 3263 1245 3293 re·

122 3321 188 3366 cline
208 3318 278 3364 istud
294 3319 340 3374 pr.

129 3423 279 3436 *Β

194 3479 309 3526 surina
320 3480 363 3524 Ν.
390 3476 430 3524 lb.
442 3480 500 3525 Scia
510 3484 601 3526 etenim
610 3483 714 3543 iratum]
724 3486 759 3529 lle
770 3498 827 3528 vera
840 3483 1010 3527 seisiuslitiam
1021 3482 1044 3524 in
1055 3483 1121 3525 lance
1133 3495 1243 3536 pensare,

123 3555 148 3594 et
162 3551 238 3605 ipsius
260 3550 334 3593 laucis
353 3548 438 3592 dubiae
457 3553 622 3596 rectitudinem
641 3556 714 3599 ealles
737 3555 874 3598 discernere
900 3557 923 3596 et
950 3565 1048 3595 curvam
1067 3552 1176 3608 regulam
1194 3563 1245 3592 mo-

124 3623 247 3672 mentare,
266 3618 314 3661 nbi
336 3618 398 3661 inter
425 3632 497 3663 curva
515 3621 596 3675 subit,
622 3624 697 3668 donec
725 3624 748 3666 in
774 3623 863 3679 liquido
882 3625 929 3665 stet
954 3620 1080 3664 sententia.
1129 3619 1246 3676 Regulam

124 3689 182 3732 dicit
208 3689 287 3743 ipsum
318 3688 490 3733 momentariae
520 3687 566 3746 (sic
599 3691 666 3736 Reiz.
701 3714 729 3725 -
761 3697 947 3735 eromenioneoe
971 3690 1035 3733 Pith.
1060 3687 1128 3742 Cas.)
1153 3689 1244 3731 stilum.

126 3752 168 3801 13.
186 3754 299 3816 Nigrum
313 3753 461 3816 praefigere
480 3755 570 3817 Tbelo]
589 3759 682 3805 ludices
704 3764 799 3805 literam
821 3761 898 3803 Theta
916 3763 1036 3814 apponunt
1054 3760 1083 3800 ed
1103 3771 1187 3802 eorum
1203 3770 1246 3800 no·

124 3826 204 3879 ruina,
224 3839 285 3883 quos
304 3826 421 3880 supplicio
440 3824 560 3870 efficium
588 3830 688 3875 Merito.
714 3826 799 3893 Θῆτα
817 3821 879 3877 ἀπὸ
897 3824 953 3876 τοῦ
970 3820 1118 3878 θανάτου,
1139 3827 1248 3883 eoquod

124 3896 193 3951 qnasi
211 3894 297 3938 babeat
315 3896 389 3937 telum
406 3908 492 3951 snutn;
513 3897 614 3954 ideoque
636 3901 705 3945 triste
724 3899 886 3956 intelligitur:
907 3899 944 3940 vel
956 3897 1043 3940 rnortis
1056 3897 1164 3952 siguum,
1185 3896 1246 3939 uude

124 3965 222 4021 quidam
241 3964 289 4007 ait:
309 3961 331 4006 0
348 3963 454 4006 inultum
472 3971 529 4008 onte
547 3967 615 4011 ulios
632 3965 727 4026 infelix
745 3969 822 4013 litero
842 3965 937 4010 Tbelo!
965 3965 1005 4009 13.
1026 3959 1119 4008 Curato
1137 3965 1249 4008 cuticula

124 4029 188 4090 sole]
216 4033 306 4075 Curate
331 4032 423 4076 scilieet
449 4046 463 4075 a
490 4035 685 4088 rheumatismis„
716 4037 777 4082 Nam
794 4034 958 4081 chromatiarii
981 4034 1090 4077 dicuntur
1109 4035 1247 4086 colorarir',

125 4104 163 4146 vel
182 4101 222 4158 qui
241 4105 291 4144 toto
314 4101 351 4143 die
372 4101 395 4143 in
414 4115 488 4144 arena
504 4109 558 4147 sunt
574 4107 613 4150 vel
635 4108 658 4150 in
678 4110 740 4154 sole.
777 4105 874 4161 Antiqui
902 4103 965 4147 enim
985 4103 1108 4162 ungebant
1135 4117 1161 4147 se
1183 4105 1249 4147 etin

126 4172 278 4223 solemnit,
300 4174 325 4213 ot
342 4169 421 4213 oleum
442 4183 530 4226 corpus
550 4174 694 4231 imbiberep:
726 4181 751 4220 ut
765 4173 885 4218 luvenalis
904 4169 963 4228 (ll,
991 4169 1080 4232 2030.
1100 4171 1195 4219 Nostro
1213 4171 1248 4214 bi-

126 4238 169 4283 bot
187 4252 289 4283 vernum
306 4243 437 4284 contraria
455 4240 567 4285 coticula
586 4236 843 4306 solem'Effngiotqne
863 4247 958 4303 togam.

170 4320 261 4373 Eclogae
275 4319 317 4360 Lat.
328 4320 384 4361 tou.
998 4327 1038 4386 14
