2782 4762
129 361 240 446 Atque
262 359 330 425 aliis
352 360 445 425 telius
468 359 526 424 alia
549 359 664 427 editur.
707 361 754 425 Ar
776 360 851 424 mihi
871 360 898 425 si
919 361 968 425 sas

196 463 355 528 Veridico
377 464 530 527 Phoebus
553 484 637 546 qnae
659 465 753 527 docet
776 484 834 527 ore
857 462 965 545 ioqui:

127 563 339 648 {prepotens
361 566 472 629 aether
493 563 549 627 tihi
570 562 689 646 patria;
712 585 771 627 nec
793 564 850 628 tibi
872 575 972 630 mater

197 670 227 732 E
250 688 369 752 genere
392 669 548 744 humano,
570 668 627 730 sed
649 668 707 730 dea
731 665 893 750 Calliope.

676 823 718 886 8,.

134 945 246 1021 Undc,
271 943 346 1027 quid
368 944 499 1008 adfertis
521 942 676 1007 chartae?
710 943 821 1006 Genus
844 942 927 1007 acris
949 943 1085 1009 Homeri

199 1049 270 1109 Nos
292 1067 419 1122 sumus,
443 1044 557 1108 Iliacas
580 1065 633 1109 res
655 1044 687 1107 in
709 1056 844 1129 utraque
869 1045 960 1130 legis.

133 1148 205 1212 lras
228 1147 390 1211 Aeacidae
412 1146 496 1209 canit
518 1148 597 1209 haec
619 1146 826 1229 manibusque
854 1157 1019 1229 potentem

197 1251 341 1312 Hectora
364 1270 486 1331 perque
508 1266 608 1311 annos
631 1269 742 1330 aspera
764 1249 848 1311 belia
871 1251 999 1312 decern:

135 1351 278 1414 Errores
300 1352 419 1434 longos
442 1349 543 1413 Ithaci
566 1349 730 1434 viduaque
752 1350 849 1412 cubili

198 1451 259 1516 liia
281 1453 382 1515 refert
403 1451 567 1528 lacrimas,
593 1453 797 1533 Penelopea,
819 1463 902 1517 tuas.

133 1552 246 1620 Viuite
269 1576 338 1616 cnm
362 1552 489 1617 Musis!
515 1555 622 1632 Quom
646 1575 706 1618 vos
729 1554 877 1617 acceditis
899 1553 980 1633 iilis,

196 1654 337 1720 Aonium
358 1653 480 1718 faciunt
503 1676 563 1719 una
586 1658 759 1741 decemque
783 1657 931 1723 chorum.

680 1813 713 1878 9.

133 1933 193 2000 liie
216 1931 306 2015 quis,
330 1930 446 1996 Iliacas
468 1931 599 2014 scripsit
621 1931 838 2017 quicarmine
860 1956 985 2018 pugnas

197 2036 265 2097 Aut
286 2033 392 2099 Ithaci
414 2037 546 2120 longum
570 2034 625 2120 qui
647 2035 822 2098 celebravit
843 2035 930 2099 iter?

133 2137 208 2203 Non
231 2157 345 2199 nomen
368 2147 508 2211 certum,
530 2157 594 2200 non
618 2137 722 2219 patria
742 2146 829 2199 certa
847 2150 1002 2202 :tuumne
1037 2152 1039 2157 ’

196 2231 343 2322 luppiter
365 2250 435 2316 est,
459 2237 576 2302 fatuam
599 2237 689 2303 cuius
712 2240 876 2303 Homerus
898 2241 1020 2305 habet?

665 2397 718 2461 10.

131 2517 376 2583 Andromaches
398 2528 548 2598 resonant
571 2515 665 2580 etiarn
689 2538 773 2581 nunc
794 2518 975 2601 planctibus
997 2541 1108 2597 arucs,

195 2619 340 2704 Ustaque
362 2621 401 2681 de
423 2630 511 2682 tanto
534 2618 668 2681 cuimine
692 2619 792 2697 Troia
815 2620 914 2695 cadit3

131 2719 348 2784 Dardanidum
371 2722 485 2783 sirdaus
508 2723 568 2783 suh
592 2718 713 2783 moenia
736 2721 878 2785 cernitur
900 2721 1008 2799 Aiax,

195 2824 334 2885 Tractus
356 2821 510 2886 Achilleis
533 2821 674 2885 cernitur
696 2824 824 2885 Hector
847 2824 954 2906 equis,

132 2921 283 2988 Carmine
306 2924 522 2998 Maeonidae,
548 2944 641 3009 quem
664 2945 729 2987 non
751 2946 806 2987 sua
828 2925 930 3007 patria
954 2938 1092 3005 tantrun,

194 3028 280 3091 'l'ota
303 3029 358 3089 sed
380 3027 516 3109 Europe
538 3047 623 3090 nunc
645 3024 731 3090 canit
753 3038 847 3110 atque
869 3027 964 3093 Asia.

664 3184 718 3248 11.

131 3302 194 3383 Qui
216 3301 329 3366 cecinit
351 3325 487 3386 superos
509 3306 721 3387 Heroumque
744 3305 850 3369 inclita
874 3320 982 3392 gesta,

195 3404 258 3484 Qui
280 3406 328 3468 sol
353 3405 571 3490 Graiugenum
594 3404 744 3490 ¹gentibus
766 3408 847 3472 alter
869 3424 956 3488 erat,

132 3505 282 3589 lgrrarum
305 3506 401 3582 senii,
427 3508 598 3570 Musarum
621 3508 726 3571 lumen
750 3511 949 3591 Homerum,

195 3608 243 3673 Os
267 3607 392 3683 mundi,
415 3608 521 3672 forma
545 3609 650 3672 cernis
672 3610 703 3672 in
727 3612 913 3694 archetypa.

298 3793 409 3838 Undenas
429 3797 554 3837 numerent
571 3794 652 3838 sernia
670 3793 791 3839 Pieridas.

200 3860 242 3921 td]
262 3862 392 3906 Cunichius
410 3860 459 3906 sic:
701 3871 704 3877 ’

268 3931 449 3976 Andromachae
468 3929 576 3974 audimus
594 3929 675 3974 fleturn
694 3931 841 3990 Troiamque
859 3934 980 3990 videmus,

303 4001 354 4044 Ceu
373 4014 481 4053 uersam,
502 4003 623 4043 extrenuos
642 4013 757 4046 corruere
776 4003 799 4045 in
819 4003 933 4059 cineres;

268 4069 299 4114 Et
317 4082 428 4127 inagnum
446 4068 527 4112 Aiacis
546 4080 671 4111 taurorum
688 4071 718 4113 ad
737 4075 819 4126 saepta
838 4073 947 4117 lahorem

303 4138 334 4181 Et
352 4142 454 4182 tractum
474 4136 610 4181 Haemoniis
628 4137 768 4184 Priamiden
786 4140 874 4200 biiugis

269 4208 411 4252 Maeonidae
430 4208 453 4252 in
473 4207 560 4262 iihris;
581 4220 618 4249 rur
636 4220 683 4250 nou
703 4209 761 4253 urba
780 4223 843 4263 arra,
865 4212 905 4255 sed
924 4213 1001 4256 omnis

302 4277 322 4320 T
326 4291 380 4322 erra
399 4279 467 4332 viro,
488 4277 535 4322 iate
553 4288 626 4334 quam
644 4281 728 4334 patet,
747 4284 784 4325 est
801 4280 887 4337 patria.

1234 2930 1254 2992 5
