2782 4762
1223 171 1264 237 39

208 330 255 393 At
277 327 332 415 qui
350 329 474 395 ob'itum
495 329 685 393 lamentetur
705 328 802 393 miser
822 328 956 412 amplius
979 351 1101 416 aequo,
1203 330 1264 394 965

144 434 222 496 Non
241 431 357 497 merito
377 431 527 496 inclamet
547 431 648 518 magis
669 442 701 496 et
722 454 806 497 voce
825 431 971 516 increpet
992 431 1083 497 aeri?

145 532 276 608 „Auler
298 532 415 597 abhinc
432 534 606 612 lacrumas,
637 536 809 611 barathro,
839 547 871 599 et
892 556 1061 618 compesce
1083 535 1265 621 querelas.”

144 635 310 700 Grandior
330 635 385 700 hie
406 659 486 703 vero
512 636 539 700 si
561 636 622 701 iam
645 636 818 723 seniorque
842 648 1016 723 queratur:

145 738 288 813 „Omnia
307 739 496 821 perfunctus
517 739 596 803 vitai
617 741 774 823 praemia,
798 762 938 817 marces3

144 842 234 915 „Sed
249 840 324 926 quia
339 864 465 925 semper
479 863 572 919 aves,
595 846 684 928 quod
699 845 805 919 abest,
828 842 1008 926 praesentia
1022 842 1151 920 temnis,
1202 844 1265 908 970

145 944 367 1027 „Inperfecta
389 944 449 1008 tibi
471 944 607 1028 elapsast
629 944 818 1032 ingrataque
840 945 924 1024 vita,

144 1047 215 1122 „Et
231 1067 291 1109 nec
315 1046 463 1129 opinanti
483 1049 582 1113 Mors
605 1052 645 1112 ad
667 1059 763 1132 caput
785 1047 885 1112 astitit
906 1059 995 1127 ante,

143 1195 160 1226 ,‚
169 1147 272 1228 Quam
295 1160 440 1213 saturae
462 1151 576 1233 plenus
597 1149 702 1233 possis
724 1150 889 1215 discedere
912 1172 1034 1215 rerum.

144 1253 266 1327 „Nunc
287 1250 390 1315 aliena
412 1263 465 1316 tua
487 1263 592 1316 tamen
609 1262 711 1317 aetate
735 1252 840 1318 omnia
862 1252 970 1330 mitte,

143 1354 289 1439 „Aequo
309 1353 479 1441 animoque
497 1357 631 1439 agedum
650 1356 775 1439 magnis
793 1359 953 1421 concede:
966 1363 1148 1420 necessest.
1201 1357 1261 1420 975

142 1455 235 1532 Iure,
248 1468 293 1538 ‘ut
315 1457 453 1540 opinor,
478 1468 568 1542 agat,
591 1456 660 1522 iure
682 1457 829 1541 increpet
848 1457 1035 1543 ineiletqus.

143 1540 247 1622 Ceditx
260 1558 343 1621 enim
364 1581 472 1624 rerum
493 1559 637 1625 novitate
660 1572 791 1624 extrusa
814 1571 954 1625 vetustas

143 1662 276 1744 Semper
297 1673 329 1726 et
351 1684 393 1726 ex
414 1661 484 1726 aliis
506 1661 593 1726 aliud
614 1684 767 1746 reparare
788 1675 969 1739 necessest;

142 1765 212 1827 Nee
232 1763 399 1850 quisquam
418 1763 451 1828 in
472 1766 659 1828 barathrum
683 1787 743 1829 nec
767 1768 906 1829 Tartara
928 1765 1054 1830 deditur
1076 1779 1158 1832 atra.

142 1865 300 1929 Materies
321 1887 403 1950 opus
423 1877 487 1942 est,
510 1878 711 1931 ut·creseant
733 1879 864 1950 postera
887 1868 991 1934 secla:
1198 1871 1269 1935 989

143 1967 231 2048 Quae
250 1978 354 2033 tamen
376 1968 484 2033 omnia
504 1980 535 2032 te
558 1969 624 2033 vita
646 1971 816 2053 perfuncta
838 1981 1033 2056 sequentur:

141 2070 335 2134 Nec'minus
355 2093 437 2156 ergo
459 2082 530 2136 ante
553 2074 633 2136 haec
655 2095 749 2159 quam
768 2085 803 2136 tu
826 2072 971 2138 cecidere
990 2077 1180 2161 cadentque.

141 2171 197 2236 Sic
219 2171 284 2236 alid
307 2195 349 2237 ex
370 2173 434 2239 alio
457 2196 617 2260 nunquam
641 2174 772 2241 desistet
797 2174 879 2240 oriri

140 2273 282 2361 Vitaque
303 2276 464 2360 mancipio
486 2276 565 2340 nulli
589 2282 699 2353 datur,
723 2277 872 2342 omnibus
893 2301 965 2342 usu.

202 2376 343 2460 Respice
362 2378 458 2455 item,
481 2402 575 2466 quam
597 2380 643 2442 nil
666 2383 705 2443 ad
724 2401 785 2445 nos
806 2392 878 2444 ante
899 2392 971 2444 acta
994 2392 1133 2446 vetustas
1197 2385 1259 2449 985

85 2473 87 2477 ’
139 2479 315 2562 Temporis
334 2481 456 2546 aeterni
475 2481 575 2546 fuerit
595 2506 689 2568 quam
708 2481 869 2547 nascimur
890 2495 974 2548 ante.

137 2584 216 2647 Hoc
237 2581 338 2668 igitur
360 2585 523 2668 speculum
546 2585 643 2650 nobis
666 2597 780 2650 natura
801 2586 903 2650 futuri

139 2687 314 2770 Temporis
336 2687 472 2771 exponit
495 2699 571 2770 post
594 2699 732 2752 mortem
754 2688 890 2775 denique
913 2699 1069 2754 nostram.

136 2791 223 2853 Num
246 2789 324 2876 quid
345 2789 392 2854 ibi
416 2790 575 2856 horribile
599 2792 756 2874 apparet?
799 2794 885 2856 Num
906 2790 998 2856 triste
1022 2791 1151 2858 videtur

137 2892 344 2979 Quidquam?
387 2895 464 2958 Non
483 2893 570 2958 omni
589 2915 703 2959 somno
724 2894 868 2958 securius
889 2894 1016 2959 exstat?
1194 2900 1257 2964 990

199 2998 309 3081 Atque
330 3017 368 3060 ea
389 2995 536 3060 nimirum
558 3018 804 3083 quaequomque
821 2998 1010 3062 Acherunte
1031 2997 1196 3082 profundo

135 3098 274 3164 Prodita
295 3109 367 3161 sunt
385 3121 474 3176 esse,
498 3098 532 3162 in
552 3099 618 3163 vita
641 3110 714 3162 sunt
733 3098 839 3164 omnia
861 3099 978 3165 nobis:

134 3281 191 3328 llere
203 3282 234 3330 A.
255 3279 371 3325 balathro
383 3282 467 3327 Heins.
487 3283 548 3327 Vide
562 3285 648 3329 Valcls.
663 3286 691 3328 ud
702 3285 813 3332 Aurmon.
829 3297 853 3339 p.
866 3281 908 3328 42.
947 3282 1004 3329 969.
1021 3282 1172 3344 perfructus
1182 3287 1211 3330 L.
1223 3289 1253 3336 ll.

135 3354 172 3398 ll).
186 3366 287 3397 moeres
300 3351 351 3396 cit.
391 3349 449 3397 975.
462 3353 565 3412 anagnie
578 3353 655 3399 Codd.
664 3355 724 3401 Edd.
735 3360 792 3399 vett.
811 3354 863 3397 ium
875 3354 937 3397 eliis
948 3353 993 3398 Au.
1005 3367 1034 3398 ex
1043 3358 1172 3400 temeraria
1182 3361 1255 3402 inter·

133 3425 185 3479 pol.
198 3424 229 3466 Α.
241 3422 270 3466 1..
282 3423 312 3466 H.
332 3422 562 3480 „mugnieutique‚
583 3429 609 3469 ut
627 3429 760 3479 opponatur
777 3424 876 3468 vocibus
895 3424 980 3467 alienu
998 3429 1041 3467 tun
1059 3431 1157 3481 netnte;
1175 3440 1255 3486 gren-

132 3493 208 3538 dt‘bue
226 3498 307 3536 aetate
325 3505 356 3535 nc
370 3491 535 3554 florentibus,
564 3508 611 3538 non
631 3499 725 3548 etitem,
755 3499 781 3537 ut
804 3498 828 3537 tu
853 3492 1063 3552 grandioridue.''
1087 3496 1161 3538 Wak.
1199 3496 1255 3549 „An

133 3563 238 3622 mugnis
256 3563 360 3615 dictum,
393 3566 418 3604 ut
436 3563 530 3619 peritia
549 3577 589 3618 ap.
602 3564 662 3607 Hor.
674 3561 794 3618 epm
805 3561 887 3617 ,213.
920 3561 1007 3607 Vivere
1025 3564 1135 3607 sirecte
1153 3567 1254 3618 nescia,

132 3631 224 3677 decede
239 3630 372 3690 peritia?''
391 3632 451 3675 flav.
480 3632 555 3676 lmrno
573 3634 678 3693 anagnia
697 3639 734 3677 est
752 3638 861 3677 neutrum
880 3634 990 3689 pluralc;
1018 3647 1032 3676 a
1050 3634 1159 3690 anagnis,
1185 3635 1255 3678 lestis

133 3704 182 3747 illis
200 3703 291 3756 rebus,
311 3715 412 3760 quarum
425 3702 541 3746 iacturam
560 3703 647 3757 defles,
667 3703 715 3746 iam
731 3705 813 3758 procul
827 3703 932 3748 discede·
951 3704 1033 3747 Plaut.
1046 3702 1118 3757 Epid.
1133 3699 1157 3756 5,
1171 3700 1195 3757 2,
1212 3701 1253 3752 16.

132 3786 193 3817 num
211 3773 293 3817 oculis
311 3772 427 3816 concessi
446 3771 514 3815 tuta?
555 3773 615 3816 Erat
637 3777 732 3827 tamen,
762 3773 801 3830 qul
829 3785 858 3817 ex
881 3773 942 3817 Aen.
968 3769 1014 3824 10,
1035 3769 1095 3816 829.
1135 3771 1186 3815 situ
1206 3787 1255 3832 per

132 3857 213 3888 eurus
232 3839 361 3888 concessit
378 3847 475 3885 moestu
494 3840 640 3896 admones,
661 3843 699 3886 hic
712 3857 805 3900 quoque
819 3844 944 3900 legendum
956 3841 1135 3885 arbitraretur:
1157 3843 1256 3887 muncia

131 3912 255 3966 concede,
276 3917 301 3956 ut
319 3910 453 3956 concedere
466 3925 512 3960 rua
525 3913 585 3955 dixit
596 3913 735 3958 Terentius.
749 3913 835 3970 Pinzg.
850 3913 912 3956 coni.
927 3923 1047 3969 mugnus.
1068 3924 1164 3970 „grona
1175 3910 1256 3957 durch

132 3981 293 4029 Glea'eltmutk
311 3983 422 4031 serlusae
440 3980 487 4025 due
505 3980 622 4036 Leben”‚
655 3984 718 4039 quod
743 3982 800 4026 mihi
824 3983 919 4038 quidem
943 3979 1055 4024 Latinum
1079 3995 1126 4025 non
1150 3983 1253 4028 videtur.

133 4050 193 4098 976.
213 4050 358 4112 irridetque]
377 4053 416 4098 Sic
435 4053 506 4097 etiam
519 4052 550 4096 E.
579 4052 688 4096 Nonius:
709 4050 838 4106 ‚docuere
852 4054 888 4094 est
901 4051 1026 4105 increpare
1038 4052 1076 4095 vel
1089 4052 1257 4106 improbare.”

130 4123 276 4181 incilietqne
294 4121 491 4170 e.n1it.1u.n.
531 4120 591 4168 979.
611 4121 745 4182 quidquem
764 4147 774 4158 -
792 4147 802 4157 -
821 4118 915 4164 decidit
931 4120 961 4164 L.
975 4121 1006 4165 H.
1052 4119 1111 4166 982.
1131 4127 1157 4165 tu
1175 4123 1253 4167 Codd.

131 4205 185 4238 sex.
200 4193 231 4238 Ε.
246 4192 275 4238 C.
286 4193 354 4241 Brix.
368 4192 399 4241 Α.
418 4193 454 4249 (tu
468 4192 555 4236 excidit
567 4193 592 4236 in
603 4193 664 4237 Edd.
678 4194 738 4236 Ver.
751 4188 826 4244 Ven.)
844 4195 895 4233 tum
908 4189 938 4236 C.
953 4190 976 4236 in
990 4204 1069 4250 marg.
1084 4195 1108 4235 et
1119 4191 1165 4239 As.
1187 4205 1254 4236 nunc

130 4262 204 4309 1..1{.
249 4259 308 4310 983.
327 4261 428 4310 destant
446 4262 508 4308 Cod.
528 4262 557 4308 G·
576 4265 630 4309 Ald.
657 4263 774 4308 Futurum
792 4258 902 4307 firmatur
920 4261 950 4306 ab
968 4259 999 4308 E.
1050 4257 1109 4308 991.
1128 4259 1206 4320 Atque
1224 4275 1255 4306 eu
