2782 4762
172 169 232 231 116

237 325 386 391 Cantavit
408 334 497 385 certo
518 320 636 383 rustica
661 321 760 381 verba
782 319 860 398 pede

173 433 216 494 Et
239 441 324 491 satur
348 425 450 488 arenti
469 423 604 504 primum
628 433 675 484 est
697 422 875 485 modulatus
898 440 996 481 avena

236 531 400 601 Carmen,
424 538 457 588 ut
485 535 615 587 ornatos
639 521 757 585 diceret
780 534 850 584 ante
872 524 969 594 deos3

173 632 330 717 Agricola
354 641 386 692 et
405 628 500 690 minio
523 627 682 698 suffusus,
708 626 854 695 Bacche,
879 622 1005 685 rubenti

236 733 363 797 Primus
386 734 549 810 inexperta
572 728 662 789 duxit
682 730 722 789 ab
746 738 812 787 arte
836 727 982 788 choros:

172 837 258 900 Huic
280 838 368 896 datus
391 855 407 893 a
430 832 526 912 pleno
551 828 757 892 memorabile
780 850 889 891 numus
913 826 992 891 ovili

235 939 312 999 Dux
333 933 460 1015 pecoris
483 932 608 1003 hircus;
633 933 767 992 duxerat
789 930 897 992 hircus
920 951 1012 993 oves.

172 1042 262 1102 Rure
283 1058 364 1118 puer
386 1055 486 1097 verno
509 1033 644 1113 primum
675 1036 713 1095 de
734 1033 816 1094 flore
838 1053 990 1095 coronam

237 1138 328 1202 Fecit
350 1147 381 1198 et
403 1134 539 1218 antiquis
561 1133 715 1214 imposuit
738 1133 889 1196 Laribus.

173 1245 264 1306 Rure
288 1239 378 1302 etiam
404 1237 519 1298 tenetis
542 1256 649 1296 curam
673 1235 850 1296 exhibitura
875 1234 990 1315 puellis

235 1342 341 1406 Molle
365 1338 448 1423 gerit
470 1350 565 1420 tergo
588 1335 690 1398 lucida
716 1337 815 1399 vellus
837 1337 928 1410 ovis;

171 1447 258 1509 Hinc
281 1455 312 1505 et
333 1441 488 1504 femineus
509 1441 603 1501 labor
626 1449 697 1500 est:
722 1439 794 1499 hinc
816 1460 912 1518 pensa
936 1440 1107 1522 colusque,

237 1547 340 1608 Fusus
363 1555 394 1605 et
416 1540 565 1623 apposito
588 1539 704 1621 pollice
728 1552 834 1602 versat
857 1562 956 1621 opus;

173 1652 282 1731 Atque
304 1647 407 1730 aliqua
430 1644 572 1705 assiduae
594 1641 712 1705 textrix
737 1653 866 1722 operata
892 1642 1067 1706 Minervae

238 1749 353 1813 Cantat
376 1755 407 1807 et
429 1745 584 1825 applauso
607 1743 667 1804 tela
691 1753 782 1806 sonat
805 1744 917 1806 latere.
974 1732 988 1760 ²
1035 1755 1038 1759 ’

173 1855 247 1934 Ipse
268 1851 414 1931 interque
436 1867 553 1930 greges
576 1844 720 1927 interque
743 1857 882 1907 armenta
907 1844 1033 1927 Cupido

238 1955 341 2016 Natus
364 1961 396 2013 et
418 1946 584 2012 indomitas
607 1946 723 2008 dicitur
746 1947 829 2009 inter
851 1968 962 2031 equas.

174 2056 243 2119 Illic
265 2054 395 2115 indocto
418 2050 554 2131 priunum
578 2070 616 2133 se
634 2049 777 2111 exercuit
799 2070 900 2112 arcta:

237 2152 302 2219 Hei
325 2152 420 2227 mihi,
446 2172 537 2235 quam
561 2152 671 2213 doctas
694 2172 776 2213 niune
798 2153 895 2214 habet
916 2151 970 2214 ille
994 2158 1121 2217 manus!

173 2260 244 2321 Nec
267 2257 426 2337 pecudes,
451 2253 540 2315 velut
561 2263 649 2325 ante,
674 2251 770 2332 petit3
794 2253 901 2316 fixisse
924 2254 1044 2334 p'ucllas
1086 2286 1090 2293 ¹

239 2357 345 2422 Gestit
368 2366 399 2419 et
420 2357 552 2417 audaces
575 2352 794 2436 perdomuisse
818 2352 920 2417 viros.

174 2461 238 2526 Hic
260 2457 367 2522 iuveni
389 2455 525 2520 detraxit
547 2472 644 2536 opes,
670 2454 721 2516 hic
743 2455 847 2518 dicere
869 2455 960 2518 iussit

239 2561 350 2623 Limen
373 2561 411 2620 ad
432 2557 532 2620 iratae
555 2557 655 2618 verba
676 2557 822 2637 pudenda
846 2578 971 2621 senem:

173 2668 250 2728 Hoc
273 2667 350 2726 duce
373 2661 521 2723 custodes
543 2655 651 2719 furtim
676 2668 872 2741 transgressa
894 2659 1033 2724 iacentes
1078 2668 1082 2675 “

238 2767 292 2828 Ad
312 2763 457 2826 iuvenem
481 2757 621 2822 tenebris
644 2758 712 2821 sola
735 2761 839 2840 puella
864 2761 949 2823 venit

92 2898 95 2902 ¹
176 2872 219 2932 Et
241 2866 373 2949 pedibus
396 2873 575 2945 praetentet
596 2859 658 2923 iter
679 2882 830 2943 suspensa
852 2865 988 2942 timore,

240 2968 399 3048 Explorat
421 2984 530 3025 caecas
553 2963 603 3025 cui
620 2983 732 3025 manus
755 2977 826 3026 ante
849 2965 927 3027 vias.

231 3186 272 3233 57.
292 3187 467 3242 eplenoCod.
491 3184 513 3228 1.
538 3187 568 3229 V.
589 3186 616 3232 tt.
672 3185 709 3230 lb.
729 3193 839 3231 duxerat
856 3185 943 3233 hircus
963 3205 1015 3234 cum
1035 3192 1095 3236 Cdd.
1112 3192 1152 3246 L„
1174 3196 1236 3250 quod
1253 3195 1289 3239 iu.

177 3260 251 3316 telligi
268 3258 358 3312 nequit.
397 3256 521 3310 Quomodo
543 3257 606 3299 enim
625 3261 800 3313 superaugeat
818 3258 898 3301 ocium
915 3259 1058 3305 numm-um?
1087 3260 1198 3306 dumet
1215 3269 1253 3308 „t
1276 3278 1288 3307 ε

177 3329 239 3375 coni.
253 3326 351 3369 Mureti.
372 3324 436 3376 „der
451 3321 548 3366 Fiiltrer
566 3319 635 3366 nieht
653 3319 717 3379 blase
734 3323 780 3366 der
798 3324 902 3384 Ziegen,
923 3327 1032 3372 condem
1051 3329 1116 3372 cuch
1134 3329 1180 3373 der
1198 3329 1288 3390 Selius-

177 3394 266 3439 lreerde
285 3393 368 3438 ivurde
383 3392 438 3436 dem
455 3391 552 3435 Fdltrer
570 3391 615 3435 dec
627 3388 719 3434 Ultores
731 3392 870 3451 gegedeu.”
889 3396 982 3440 lacobs.
1019 3397 1082 3440 Dux
1097 3400 1218 3454 peeoris5
1236 3398 1289 3443 iir-

176 3472 216 3509 toe
231 3464 341 3508 duxero!
359 3459 445 3504 hircus
460 3474 517 3504 occe
531 3461 613 3505 Heius.
635 3461 665 3502 V.
686 3459 750 3504 Oves
769 3466 847 3505 autem
864 3460 946 3506 hirtae
960 3471 1083 3510 nousunt.
1120 3467 1289 3513 uincuonoe:

175 3534 238 3579 Dux
252 3532 372 3590 peeoris;
390 3527 473 3573 hirtus
491 3526 705 3572 desumimus
722 3542 793 3584 oves,
814 3544 873 3574 sono
892 3546 965 3587 prope
983 3534 1093 3579 ridiculo,
1130 3536 1218 3580 Metius
1231 3551 1290 3580 non.

175 3606 231 3649 dam
244 3606 365 3657 repertum
379 3603 415 3644 est
424 3599 512 3642 Mureti
524 3594 669 3644 coniectori.
691 3596 850 3655 59.prr'mom
862 3599 938 3645 Codd.
952 3603 1008 3660 aliq.
1023 3605 1054 3648 V.
1085 3600 1125 3647 61.
1140 3610 1182 3647 ut.
1193 3611 1291 3649 qemi

178 3674 253 3716 codd.
267 3668 327 3715 Μ’.
349 3667 390 3713 65.
402 3669 441 3711 Sic
453 3666 498 3711 Ed.
510 3668 568 3712 tuin.
585 3664 661 3710 1172.
673 3665 770 3711 [anchin.
783 3668 859 3712 Codd.
871 3673 997 3723 permulti:
1012 3671 1114 3717 occidue
1124 3674 1224 3717 textrix
1233 3688 1290 3730 ope.

176 3748 234 3785 roto
248 3737 398 3783 Minervam.
413 3736 506 3780 textria
516 3735 576 3781 Cod.
592 3733 616 3779 1.
628 3760 660 3768 -
675 3736 754 3779 textis
766 3738 862 3781 Fruter.
877 3740 940 3783 cotti.
954 3740 1015 3785 Cod.
1033 3742 1055 3788 1.
1070 3743 1100 3785 Η.
1115 3745 1225 3800 eluolgo.
1247 3740 1288 3787 66.

174 3810 273 3867 pectine
285 3809 335 3853 telo
346 3811 420 3851 tonet
429 3806 489 3852 Cod.
506 3804 528 3852 1.
540 3818 568 3849 ex
581 3805 775 3859 interpolatione.
787 3808 817 3850 v.
832 3808 861 3851 Β.
874 3830 906 3841 -.
915 3810 1013 3864 pectine
1022 3810 1084 3854 lm
1095 3817 1168 3854 ,mg
1177 3825 1236 3855 unu,
1248 3826 1287 3866 ap·

178 3881 252 3925 Voss.
271 3879 300 3920 ad
319 3876 373 3922 Cat.
394 3888 418 3930 p.
442 3871 502 3919 249.
539 3874 589 3917 Pro
614 3874 738 3930 oppleueo
767 3877 833 3929 pauci
858 3879 972 3933 appulso.
1021 3879 1119 3932 „Lotus
1147 3881 1289 3939 intelligitur

178 3948 241 3989 telus
260 3946 349 4000 ipsius,
369 3957 429 4000 quae
444 3945 556 3998 applausu
574 3942 665 4000 (pulsa)
681 3944 772 3997 pectine
797 3947 832 3989 vel
854 3948 921 3989 radio
940 3948 1044 3991 sonitum
1064 3949 1129 3999 edit,
1149 3950 1207 3993 satis
1226 3951 1289 3993 cele-

177 4017 271 4059 bratum
287 4028 301 4057 a
319 4013 405 4067 pocus.
441 4013 545 4067 Proprie
563 4013 658 4068 quidem
676 4014 757 4055 radius
773 4018 856 4065 sonet,
875 4016 950 4060 dictus
965 4022 1093 4072 propterea
1106 4016 1203 4086 κερκὶς
1223 4012 1290 4067 αόι.

177 4078 230 4144 δὸς
248 4082 278 4125 ab
296 4080 379 4135 Eutip·
400 4083 461 4136 apud
481 4081 605 4135 Aristoph.
625 4081 686 4125 llan.
708 4077 783 4133 1316.
832 4084 864 4126 ut
881 4086 952 4128 etiam
968 4087 1015 4130 tela
1033 4091 1100 4130 sonat
1121 4088 1182 4143 ipsu.
1202 4086 1287 4142 Ettrip.

177 4155 230 4209 ¹tt¹¹·
259 4152 333 4194 'rrum
366 4147 424 4193 ²1⁰·
455 4148 549 4210 ἱστοῖς
574 4146 606 4197 ἐν
635 4146 893 4215 xallctp‘ddyyotgss’
921 4154 1023 4199 ltnscht.
1088 4152 1129 4200 70.
1155 4154 1210 4200 Heu
1233 4158 1287 4202 ΑΜ.

179 4220 220 4267 17.
235 4219 267 4264 Et
278 4218 368 4279 digitis
380 4219 461 4265 Burin.
477 4220 531 4263 Ser.
546 4220 608 4262 coni.
630 4216 670 4263 78.
682 4217 741 4262 dum
753 4233 842 4264 munus
856 4223 885 4270 V.
901 4220 943 4266 32.
960 4220 1062 4282 precor]
1073 4237 1102 4268 ex
1115 4231 1175 4280 optt.
1190 4225 1287 4270 Cdd.L.
