2782 4762
210 344 249 407 In
271 342 391 409 somnis
413 343 542 429 quoties
565 344 690 429 gelidos
707 345 843 410 -haurire
864 345 1008 429 liquores

274 437 375 502 Visus
397 451 429 503 et
450 441 591 506 herboso
613 441 734 522 pellere
756 441 847 504 sonte
869 440 969 505 sitim!

211 536 318 618 Quom
342 533 418 597 mihi
440 555 608 605 succensas
629 546 771 600 torreret
793 535 905 616 anhela
929 535 1080 600 medullas
1226 538 1269 602 at

274 629 390 694 Febris
419 639 451 707 et
473 641 544 692 ante
567 631 680 695 oculos
703 650 791 694 mors
813 629 901 693 foret
923 639 993 693 atra
1014 650 1119 695 meos.

213 723 311 788 Salve
334 725 532 787 terra'meae
554 744 686 788 servans
709 724 865 787 cunabula
888 723 1012 807 gentis,

277 819 380 880 Terra
402 829 518 899 potens
536 822 643 903 'aequo
665 816 736 880 iure
758 817 928 903 Deumque
950 829 1047 883 metu.

214 911 325 977 Serior
347 910 397 973 his
419 910 537 974 utinam
560 932 610 974 me
633 912 770 975 vallibus
794 923 931 994 oectipet
953 925 1063 990 actas,

276 1003 366 1085 Quas
389 1004 463 1067 olim
486 1015 614 1068 veteres
635 1004 813 1071 incoluistis
837 1005 901 1069 avi.
1227 1010 1271 1072 40

212 1101 282 1164 Nec
306 1099 380 1161 mihi
404 1097 554 1161 deficiant
575 1100 688 1162 hortus
711 1098 832 1184 fidique
855 1101 1000 1177 sodales,

276 1194 347 1257 Nee
369 1192 530 1276 liquor,
521 1214 551 1254 m
575 1192 687 1300 patriis
710 1216 804 1279 quem
826 1194 900 1258 tulit
922 1217 985 1260 uva
1005 1193 1106 1280 iugis.

220 1282 297 1351 Ne'c
311 1288 402 1368 lyra,
427 1287 558 1350 maturis
581 1289 666 1351 vires
688 1288 895 1355 adimentibus
918 1288 1022 1366 annis,
1202 1280 1212 1293 ”

276 1382 386 1446 Triste
409 1380 581 1445 senectutis
604 1402 685 1466 quae
707 1383 779 1447 leve
801 1386 915 1446 reddat
938 1404 1031 1448 onus.

170 1522 174 1527 -
215 1474 410 1561 Pegasides,
435 1474 564 1557 requies
587 1496 735 1539 curarum
758 1478 828 1541 sola
850 1498 1011 1552 mearum,
1224 1476 1268 1541 45

278 1572 351 1634 Vos
376 1589 459 1653 ego,
484 1570 572 1650 quod
594 1581 760 1651 superest,
784 1581 908 1653 tempus
930 1572 962 1632 in
985 1589 1078 1634 omne
1102 1567 1236 1645 colam;

214 1664 288 1729 Vos
311 1667 382 1725 date
405 1660 580 1737 Castaliae,
605 1673 713 1725 vatum
735 1663 788 1746 pia
811 1663 962 1737 numina,
985 1673 1097 1726 vestro

278 1758 382 1822 Plena
403 1757 565 1819 sacerdoti
585 1758 703 1838 pocula
725 1769 837 1819 rursus
860 1774 974 1840 aquae.

216 1854 286 1917 Nec
309 1849 385 1913 mibi
407 1848 448 1912 sit
471 1851 606 1923 damno,
632 1853 719 1934 quod
742 1872 790 1913 me
813 1850 983 1913 lacrimosa
1004 1849 1115 1934 co'e‘git
1197 1926 1200 1930 Δ

277 1943 410 2009 Proelia
433 1946 563 2008 deserto
586 1945 681 2006 Mars
703 1942 863 2008 Helicone
884 1943 987 2028 sequi.
1223 1945 1267 2011 50

215 2042 293 2104 Non
316 2059 379 2122 ego
402 2037 558 2143 supposui
579 2035 671 2100 tectis
693 2036 905 2102 insontibus
895 2057 1004 2121 agnes,

279 2135 378 2197 Facta
399 2152 458 2194 nec
480 2129 596 2194 iniusta
619 2143 667 2193 est
689 2133 822 2195 dextera
845 2135 941 2195 caede
963 2152 1096 2196 nocens.

216 2231 261 2294 Et
284 2229 359 2290 licet
381 2229 420 2288 ad
443 2247 575 2310 magnos
599 2224 736 2288 victoria
757 2226 886 2290 flexerit
907 2229 1035 2303 hostes,

278 2323 379 2386 Arma
403 2331 506 2382 tamen
530 2340 625 2382 causa
646 2341 709 2400 pro
732 2320 869 2386 meliore
892 2321 962 2384 tuli.

213 2420 286 2482 Vos
309 2435 439 2500 quoque
462 2435 529 2476 sum
554 2414 650 2476 lituos
672 2414 756 2475 inter
779 2425 950 2477 veneratus
973 2425 1006 2477 et
1027 2432 1139 2489 enses,
1174 2435 1176 2440 ·
1221 2416 1264 2479 55

280 2509 440 2591 Quodque
461 2505 524 2568 fuit
546 2527 679 2569 vacuum
702 2516 831 2589 tempus
854 2509 893 2568 ab
916 2509 1028 2583 hoste,
1050 2505 1138 2569 dedi.

215 2604 331 2687 Deque
353 2613 403 2666 tot
425 2599 545 2663 amissis
569 2596 661 2665 etiam
685 2621 769 2663 nunc
790 2623 893 2683 pauca
916 2611 1088 2684 supersunt

280 2695 448 2770 Carmina,
472 2692 602 2767 militiae
624 2703 772 2776 tempore
794 2695 879 2757 facta
902 2716 1000 2762 meae.

217 2791 311 2854 Vade
335 2791 491 2870 agedum,
517 2807 691 2851 consuesce
713 2788 782 2870 legi
804 2790 1012 2873 manibusque
1034 2785 1155 2863 teneri,
1181 2827 1190 2840 -

279 2884 406 2959 Parve,
431 2882 488 2944 sed
511 2877 635 2944 auctori
657 2887 729 2945 care
750 2882 859 2946 libelle
881 2887 956 2947 tuo!
1217 2882 1263 2943 bt)

217 2979 293 3045 Non
316 2998 379 3061 ego
402 2987 434 3039 te
457 2973 552 3038 viridi
575 2973 672 3057 genui
694 2976 860 3057 proiectus
882 2978 913 3041 in
936 2979 1068 3052 umbra,
1297 2976 1300 2981 ⁴

192 3112 193 3116 =
282 3069 357 3134 Otia
380 3089 460 3151 quae
483 3067 583 3130 sacris
605 3067 732 3132 vatibus
755 3091 824 3134 esse
847 3071 973 3135 solent:

216 3167 279 3230 Sed
301 3163 440 3246 trepidas
462 3161 545 3224 inter
566 3183 712 3246 pugnas,
738 3166 812 3226 dum
835 3161 975 3227 Carolus
998 3160 1093 3226 armis

282 3257 401 3322 Caesar
424 3258 464 3318 ad
484 3253 639 3318 infaustas
661 3256 807 3320 fulminat
829 3254 924 3321 Albis
943 3251 1058 3340 aquas.
1120 3331 1123 3336 ⁴

220 3357 272 3417 Tu
295 3350 370 3414 mibi
393 3369 540 3412 curarum
562 3348 710 3434 requies:
734 3361 769 3412 tu
791 3350 882 3412 dulce
905 3350 1071 3424 laborum,
1220 3352 1264 3416 65

281 3447 382 3525 Saepe
407 3443 457 3506 vel
480 3444 620 3505 obseura
642 3454 756 3520 nocte,
779 3444 924 3507 levamen
947 3463 1042 3506 eras.-

217 3538 460 3622 Qualiseunque
483 3537 560 3599 meis
582 3535 674 3600 vivas
697 3535 878 3601 diuturnior
901 3535 1009 3612 annis,

280 3634 409 3717 Perque
433 3652 543 3694 manus
566 3652 656 3694 serae
678 3629 876 3713 posteritatis
899 3652 967 3694 eas.

122 3738 125 3743 '
219 3731 345 3811 Aspera
369 3749 439 3791 cum
463 3724 602 3789 numeris
626 3723 832 3808 gravioribus
856 3744 944 3786 arma
966 3722 1086 3804 valete!

281 3822 354 3886 Pax
376 3819 483 3898 iuvat,
508 3817 542 3881 in
563 3815 682 3881 teneris
704 3816 767 3879 sint
789 3836 858 3880 mea
879 3838 980 3902 regua
1000 3814 1115 3885 modis.
1222 3818 1267 3880 70
