2782 4762
294 341 486 405 Hesternam
508 348 634 421 repetet
655 358 758 402 casam

357 441 503 509 Ridentis
525 441 639 525 pupuli
660 463 724 506 non
746 438 872 505 humilis
893 439 1002 518 iocus3

293 548 338 610 Et
360 544 450 632 queis
472 555 603 609 rexerat
626 543 748 621 omnia,

357 649 473 714 Findet
496 648 665 734 laurigeris
686 647 774 733 ligna
796 646 982 712 securibus:

297 753 394 833 Quod
415 752 442 814 si
465 751 602 816 desuerit
623 750 705 814 salix

357 856 477 919 Fasces
498 854 694 938 pauperibus
717 853 865 918 subiiciet
885 853 982 918 focis.

544 1160 607 1205 uus.
628 1160 660 1206 11.
698 1159 763 1206 ons
782 1159 827 1205 ut.

477 1281 535 1345 Ad
555 1301 657 1344 suam
677 1278 895 1344 testudinem.

296 1422 422 1483 Souora
444 1419 524 1483 buxi
544 1421 608 1483 lilia
632 1419 752 1497 sutilis,

294 1522 455 1587 Peudebis
477 1524 560 1599 alta,
585 1523 728 1599 barbite,
751 1523 895 1605 populo,

379 1626 465 1690 Dum
486 1625 570 1688 ridet
592 1627 649 1689 a’e‘r
672 1637 703 1688 et
725 1625 854 1708 supinas

466 1728 626 1794 Sollicitat
646 1727 728 1792 levis
752 1749 829 1792 aura
851 1728 998 1792 frondes.

304 1816 312 1844 Ι

297 1870 346 1932 'l'e
370 1866 527 1932 sssrilantis
549 1868 654 1934 lenior
675 1867 790 1931 halitus

295 1972 453 2036 Perflabit
475 1972 580 2035 Euri:
605 1994 654 2036 me
677 1973 764 2036 iuvet
785 1970 912 2034 iuterim

383 2071 513 2137 Collum
535 2074 707 2137 reclinasse
731 2083 763 2136 et
785 2072 902 2137 virenti

400 2212 407 2223 ·
466 2177 520 2241 Sic
542 2188 660 2240 temere
682 2176 814 2245 iacuisse
839 2175 923 2260 ripd.

297 2317 406 2379 Eheu!
430 2338 574 2380 serenum
598 2339 680 2402 quae
702 2316 837 2381 nebulae
858 2327 971 2401 tegunt

295 2420 442 2501 Repente
464 2420 604 2482 caelum!
629 2420 700 2504 quis
723 2442 822 2484 sonus
844 2420 1010 2485 imbrium!
1219 2423 1263 2487 10

388 2521 576 2606 surgamus.
594 2556 597 2561 ·
619 2523 697 2585 Heu
717 2543 842 2606 semper
863 2522 972 2608 fugaci

468 2624 590 2689 Gaudia
613 2623 827 2708 praeteritura
850 2631 965 2710 passu!

537 2929 602 2976 utu.
622 2932 655 2977 11.
692 2884 834 2978 ouu'xv.

519 3052 584 3115 AD
621 3052 863 3118 NARVIAM.

128 3192 234 3258 Cuiam
266 3192 303 3256 in
331 3192 411 3275 ripa
434 3213 524 3275 puer
552 3191 741 3257 admodum
762 3193 917 3277 primum
938 3215 1077 3258 carmen
1099 3195 1264 3280 lyricum

598 3305 782 3369 cecinerat.

297 3424 392 3488 Albis
414 3425 545 3490 dormiit
565 3425 596 3489 in
619 3426 703 3490 rosis

360 3528 518 3612 Liliisque
539 3528 645 3592 iacens
667 3542 699 3594 et
720 3531 813 3596 violis
836 3529 921 3608 dies,

297 3630 426 3695 Primae
449 3630 501 3695 cui
521 3633 614 3712 potui
635 3632 715 3718 vigil

362 3736 515 3798 Somnum
539 3735 648 3799 Pieria
669 3758 819 3819 rumpere
842 3736 996 3815 barbito,

215 3856 218 3862 ’
300 3835 408 3902 Curae
431 3840 503 3900 dum
529 3859 649 3902 vacuus
671 3860 751 3922 puer

357 3939 510 4004 Formosi
531 3942 672 4026 legerem
694 3942 791 4007 litora
814 3943 968 4008 Naeuiae.

299 4044 354 4106 Ex
375 4041 430 4106 illo
453 4041 528 4106 mihi
549 4043 674 4125 posteri

363 4145 498 4210 Florent
521 4148 597 4211 Sole
620 4147 708 4212 dies:
731 4149 788 4234 qui
809 4148 902 4213 simul
925 4171 1040 4214 airreae
1082 4139 1084 4143 ἲ

300 4248 441 4336 Iuiregit
461 4248 570 4314 radios
592 4249 701 4334 lyrae,
