2782 4762
190 194 231 258 90

191 351 361 416 Certantes
383 345 534 412 lacrumis
555 343 647 435 lassei
667 344 818 428 luctuque
842 344 1002 408 redibant.

194 455 275 518 Inde
300 455 417 516 bonam
440 460 563 533 partem
585 447 618 511 in
640 447 758 511 lectum
780 469 926 512 macrore
949 450 1124 511 dabantur:

190 559 261 621 Noc
280 565 409 639 poterat
434 551 600 638 quisquam
622 548 775 633 reperiri,
799 574 892 635 quem
912 573 1014 637 neque
1038 553 1170 615 morbus

191 661 262 724 Nec
284 680 373 722 mors
396 679 455 720 nec
473 656 577 718 luctus
599 664 735 717 tentaret
756 664 902 735 tempore
924 653 994 716 tali.
1231 653 1313 717 1250

256 763 431 826 Praeterea
449 757 512 820 iam
533 768 646 840 pastor
669 766 701 819 et
723 756 931 820 armentarius
955 757 1058 823 omnis

192 866 237 928 Et
259 867 410 928 robustus
432 862 507 925 item
530 858 623 923 curvi
645 861 833 923 moderator
852 859 951 923 aratri

193 969 402 1052 Languehat,
425 963 614 1049 penitusque
635 982 707 1023 casa
730 973 881 1025 contrusa
901 961 1047 1026 iacebant

195 1070 350 1153 Corpora
371 1077 559 1150 paupertate
581 1076 612 1128 et
633 1067 750 1127 morbo
774 1064 879 1127 dedita
899 1065 1008 1130 morti.

194 1170 361 1236 Exanimis
382 1169 491 1253 pueris
514 1190 611 1251 super
629 1165 806 1230 exanimata
825 1178 991 1250 parentum
1232 1168 1312 1231 1255

194 1275 350 1357 Corpora
370 1293 595 1357 nonnunquam
614 1292 725 1352 posses
746 1281 901 1355 retroque
919 1270 1028 1334 videre

193 1376 357 1442 Matribus
378 1388 409 1438 ct
431 1374 576 1457 patribus
597 1384 690 1437 natos
714 1395 811 1454 super
835 1376 928 1436 edere
953 1374 1063 1436 vitam.

257 1481 328 1542 Nec
349 1477 517 1539 minumam
539 1487 663 1558 partem
687 1475 834 1558 onagris
855 1497 979 1539 maeros
999 1476 1027 1538 is
1047 1476 1079 1538 in
1102 1478 1211 1540 urbem

193 1579 377 1657 Confluxit‚
400 1579 554 1664 languens
579 1601 673 1663 quem
696 1576 830 1641 contulit
854 1579 1072 1661 agricolarum

196 1683 320 1767 Copia,
345 1681 539 1746 conveniens
561 1703 603 1744 ex
625 1679 713 1745 ouini
731 1680 879 1744 morbida
901 1694 1006 1763 parte.
1235 1684 1316 1745 1250

195 1787 312 1853 Omnia
336 1787 518 1849 condebant
543 1783 616 1846 loca
635 1795 802 1868 tectaque:
829 1807 894 1867 quo
917 1783 1019 1868 magis
1042 1794 1128 1849 aestu

200 1889 378 1954 Confertos
399 1888 441 1951 ita
466 1885 639 1950 acervatim
660 1888 758 1949 Mors
779 1888 1010 1950 accumulabat.

260 1992 367 2056 Multa
389 1990 442 2053 siti
464 2001 629 2072 prostrata
655 1988 739 2051 viam
763 2012 822 2072 per
843 2012 970 2075 proque
995 1991 1104 2055 voluta

199 2096 353 2177 Corpora
376 2093 494 2157 silanos
519 2096 558 2154 ad
580 2114 732 2177 aquarum
751 2104 849 2154 strata
872 2093 1035 2169 iacebant,

198 2197 376 2262 Intcrclusa
403 2195 505 2258 anima
528 2193 624 2257 nimia
646 2197 685 2256 ab
711 2195 875 2258 dulccdine
895 2218 1065 2281 aquarum:
1235 2200 1316 2262 1255

196 2301 367 2385 Multaque
387 2321 446 2381 per
467 2297 582 2381 populi
605 2296 722 2379 passim
746 2297 819 2361 loca
844 2311 996 2381 prompta
1021 2299 1152 2385 viasque

196 2476 257 2519 aliis
277 2474 371 2527 alitem,
389 2473 508 2530 populum
526 2472 634 2529 sepelire
652 2485 755 2515 suorum
768 2468 912 2527 Conantes,
934 2478 958 2515 ut
975 2476 1007 2517 sit
1025 2475 1159 2528 appositio:
1179 2477 1317 2529 „Certatim

198 2548 334 2603 satagentes
353 2543 527 2586 inuititudinem
550 2555 663 2595 suorum,
690 2543 792 2585 alterum
812 2547 865 2596 post
884 2546 1001 2597 alterum,
1029 2545 1202 2598 sepeliendo’':
1224 2547 1317 2602 (Pius.)

196 2617 243 2660 Sed
258 2615 374 2658 violenter
392 2614 462 2656 nimis
478 2612 558 2655 alium
568 2612 706 2655 distrahitur
720 2625 766 2658 ar.
774 2614 904 2669 populum.
945 2611 1020 2658 1253.
1040 2616 1195 2674 languebant
1208 2618 1236 2660 Α.
1246 2617 1274 2660 Ιι.
1285 2618 1314 2664 ll.

197 2687 233 2729 lb.
254 2698 315 2747 cuca
335 2682 410 2727 Codd.
428 2683 490 2726 Edd.
508 2686 566 2725 vett.
580 2683 623 2726 Av.
639 2681 669 2725 Α.
690 2701 723 2715 ·-
742 2683 811 2726 curis
831 2683 860 2726 L.
881 2684 911 2726 H.
969 2679 1044 2727 1251.
1067 2686 1101 2727 lta
1115 2686 1190 2729 Codd.
1205 2687 1315 2734 ΒΜΔ.

196 2753 291 2799 tradita
305 2756 364 2797 Ver.
378 2754 440 2797 Ver.
455 2752 500 2795 Ar.
512 2752 542 2795 Ρ.
594 2749 668 2795 1258.
690 2754 814 2794 nrucrorir
829 2753 903 2795 Codd.
920 2752 958 2804 (C.
973 2754 1003 2796 E.
1016 2754 1060 2808 Z.)
1075 2755 1133 2799 Edd.
1149 2761 1206 2800 vett.
1224 2759 1267 2799 Aa.
1285 2759 1314 2800 Α.

198 2826 252 2869 hinc
274 2825 315 2868 W.
339 2825 418 2867 coui.:
454 2835 553 2865 irrueret
574 2822 598 2864 ie
623 2822 716 2879 (t'orb.
733 2824 831 2877 scripsit
847 2835 947 2865 maeror
966 2824 1013 2876 ia.)
1028 2825 1104 2868 Codd.
1125 2827 1229 2883 aliquot,
1257 2833 1316 2871 teste

201 2893 303 2956 Larum:
325 2917 358 2925 -
377 2893 495 2952 aegrotis
514 2889 680 2950 (trutinat.
699 2893 719 2935 si
735 2890 919 2950 fidesAlter03)
935 2895 1009 2938 uude:
1030 2896 1167 2938 nrinuuaum
1176 2897 1293 2951 partim·
1306 2922 1316 2931 ·

197 2964 317 3024 acgrom's
332 2963 360 3006 L.
383 2987 414 2995 —
433 2963 564 3006 rniuimam
576 2967 675 3018 purtem
692 2961 702 3018 (
712 2967 736 3004 ut
754 2962 841 3006 habcnt
856 2964 948 3016 Codd.)
967 2978 1061 3024 urgror
1083 2966 1106 3008 ia
1123 2967 1150 3008 de
1170 2967 1314 3010 Bosiicour.

198 3036 257 3079 Fal».
273 3034 420 3076 BeutLHar.
461 3030 537 3075 1261.
553 3033 587 3073 lta
601 3033 677 3074 Codd.
691 3032 752 3079 Edd.
771 3038 827 3076 velt.
848 3034 1003 3090 complebunt
1016 3035 1043 3078 L.
1059 3035 1087 3078 Η.
1127 3027 1200 3078 1252.
1218 3038 1316 3080 Secutus

197 3103 510 3161 sumnuncl'orhigeru1u‚
526 3116 597 3157 quum
611 3103 670 3147 Cdd.
686 3116 769 3145 omnes
784 3104 913 3148 ctiarumei
927 3111 1023 3148 servent
1038 3106 1083 3148 itu.
1104 3129 1137 3139 —
1155 3112 1226 3149 aestu
1238 3105 1318 3150 firunat

199 3176 227 3220 Z.
251 3173 352 3230 For-big.
373 3173 407 3215 sie
426 3173 542 3226 explicat:
573 3186 667 3228 „eoque
689 3172 764 3229 magis
790 3175 860 3216 ctiam
879 3176 907 3217 ⁴iu
930 3189 1001 3218 uumu
1023 3177 1100 3219 locum
1116 3182 1274 3234 congregatos
1294 3182 1318 3220 et

199 3244 355 3300 conglobatos
374 3255 440 3284 mors
456 3247 523 3285 aestu
541 3242 594 3283 iude
614 3245 714 3294 exorto,
736 3246 815 3295 utpote
832 3245 997 3302 contagionem
1017 3247 1087 3289 latius
1109 3251 1132 3290 et
1151 3247 1246 3290 facilius
1261 3260 1316 3302 pro·

198 3319 314 3371 pagante,
335 3326 378 3367 per
392 3325 493 3355 acervos
511 3312 652 3354 auactarct.'’
679 3310 744 3353 Olim
762 3318 857 3355 secutus
873 3329 939 3358 eram
951 3315 1104 3360 Eichstacdtii
1126 3317 1202 3375 lecta,
1220 3341 1252 3350 -
1271 3331 1318 3375 quo

197 3385 284 3444 mugio
297 3388 368 3425 aestu
381 3378 510 3438 Consertae
523 3381 574 3424 sitit
586 3381 720 3424 acervatim
733 3377 769 3423 M.
782 3396 824 3435 aa,
839 3386 1003 3428 concinnatam
1016 3386 1118 3429 fortasse
1132 3386 1223 3431 eLivio
1233 3384 1297 3440 3‚·6.
1310 3400 1315 3431 ;

198 3453 237 3498 Eu
256 3452 369 3497 conluvio
387 3454 526 3495 nrixtorum
544 3451 626 3495 ortuis
644 3451 747 3510 generis
766 3454 933 3498 unirrwntirmr
952 3461 974 3499 et
991 3455 1066 3499 odore
1084 3455 1187 3500 insolito
1206 3457 1318 3501 cerbanos

199 3531 222 3568 ct
240 3529 367 3582 agrestem
386 3519 525 3580 consertum
544 3522 571 3564 in
590 3527 647 3564 urta
665 3522 730 3564 tertii
746 3529 818 3566 aestu
836 3539 865 3567 nc
884 3525 981 3584 vigiliis
1000 3524 1116 3584 ungebat.
1146 3527 1192 3570 Sed
1204 3527 1256 3570 situ
1270 3542 1317 3571 nou

198 3596 282 3638 nititur
304 3593 349 3636 uisi
367 3606 451 3636 errore
468 3598 563 3649 typogr.
583 3592 645 3634 Edd.
666 3594 726 3635 Ver.
745 3597 767 3636 ct
784 3595 844 3638 Ven.
864 3602 887 3638 et
908 3596 1092 3638 molestissimus
1113 3601 1150 3639 est
1167 3597 1253 3650 duplex
1272 3598 1317 3641 istc

197 3665 315 3708 ablativus
332 3669 404 3706 aestu
417 3688 426 3696 -
440 3687 449 3696 ·
462 3663 522 3708 situ,
541 3682 574 3691 -
593 3659 700 3719 insertos
719 3663 755 3704 itu
773 3664 817 3707 Ar.
838 3665 867 3707 P.
889 3689 921 3697 -
940 3662 1051 3722 conserto
1068 3666 1119 3708 situ
1139 3667 1197 3710 Ver.
1209 3669 1271 3714 Ven.
1287 3689 1315 3698 -

198 3740 309 3792 lectuque
328 3746 374 3791 quo
393 3745 467 3791 uauge
485 3745 528 3774 eos
547 3737 597 3774 taen
613 3729 743 3787 Confer-tos
761 3733 797 3776 itu
815 3735 951 3778 acervatim
970 3735 999 3778 L.
1019 3758 1051 3766 -
1070 3740 1180 3792 tectaque
1199 3751 1246 3794 quo
1264 3751 1317 3781 ruu-

198 3805 241 3864 gt's
255 3810 327 3846 uecta
345 3799 470 3860 confectos
484 3803 519 3845 itu
532 3802 644 3858 liutgers.
658 3803 716 3845 llar.
733 3824 762 3833 -
783 3804 846 3862 quod
856 3801 1275 3864 (hocuesciouudcsumpseritW.3
1295 3813 1319 3850 at

199 3888 271 3931 quum
298 3877 321 3916 iu
343 3875 459 3916 aduotatt.
492 3872 578 3915 habeat
604 3885 664 3929 quo,
695 3873 871 3926 typothetarum
889 3889 960 3917 error
977 3875 1102 3927 vitetur-z)
1129 3877 1214 3934 aragia
1233 3875 1317 3921 aestas

201 3944 233 3998 (i.
247 3958 269 3986 e.
288 3944 430 3996 „hominum
448 3943 644 3995 aestuantiuru'’)
663 3941 839 4000 consertoailtt
857 3945 931 3987 Walt.
947 3944 1039 3989 Nobbe.
1080 3943 1156 3992 1261,
1176 3949 1211 3992 De
1225 3948 1317 3991 silanis

200 4014 245 4057 cfr.
262 4013 371 4057 Viscouti
392 4014 477 4056 Museo
492 4013 627 4055 Pio-Cleua.
644 4012 670 4064 l,
692 4026 745 4070 pag.
761 4010 819 4060 217.
837 4012 895 4058 252.
919 4015 1077 4058 Ε1.111ε(1101.
1117 4016 1152 4060 tb.
1172 4023 1270 4061 structu
1290 4019 1317 4061 dc

199 4086 262 4127 coni.
278 4083 319 4125 W.
335 4085 443 4125 desertus
459 4083 592 4126 abEielrst.
632 4079 707 4126 1267.
729 4096 785 4125 cum
798 4084 1016 4141 Coddalitpltrix.
1029 4090 1125 4128 -tum
1139 4089 1197 4131 Ver.
1208 4089 1316 4132 Vsu-ll.

202 4150 276 4198 1250.
297 4151 421 4195 ulceribus
435 4152 509 4196 L.-tt.
530 4154 580 4196 lloc
599 4167 683 4196 rursus
702 4155 876 4208 necessarium,
903 4161 927 4198 ut
945 4156 1002 4198 vidit
1017 4156 1089 4198 etium
1106 4158 1252 4212 Meisterus,
1274 4173 1318 4213 pro

200 4225 259 4267 Cdd.
275 4224 316 4267 W.
334 4221 481 4269 visceribus.
539 4221 614 4266 1271.
636 4223 746 4281 replebat
762 4223 821 4268 eod.
837 4223 867 4271 Σ.
884 4227 946 4282 ‹puod
962 4226 1024 4269 mate
1044 4225 1165 4271 intellecta
1183 4229 1255 4272 Wak.
1278 4231 1318 4271 ad·

200 4298 274 4338 notat.
292 4293 383 4348 recepit
400 4291 493 4337 Nobbe.
535 4290 609 4338 1276.
629 4293 663 4336 lta
679 4293 827 4350 distinguunt
842 4295 885 4339 Cd.
900 4309 967 4340 meus
978 4296 1006 4339 G.
1020 4296 1069 4342 Gis.
1081 4297 1111 4342 11.
1129 4298 1221 4344 Eichst.
1239 4294 1316 4360 (atim
