2782 4762
98 342 279 409 Nescierint
300 342 395 428 primi
418 343 543 429 gladios
565 348 741 409 extundere
763 343 861 410 fabri.

97 446 303 527 Adspieimus
325 447 484 529 populos,
510 468 646 530 quorum
670 468 733 512 non
756 446 872 510 sufficit
893 446 961 511 irae

101 548 265 614 Occidisse
288 549 444 634 aliquem,
469 551 526 610 sed
547 560 697 631 pectora,
723 549 871 625 brachia,
896 550 1020 614 voltum
1159 548 1222 613 170

99 651 304 715 crediderint
328 672 428 734 geom
452 672 521 713 csse
543 651 619 714 cibi.
666 651 752 733 Quid
774 651 895 715 diceret
916 673 997 736 ergo

99 755 163 816 Vel
187 775 251 837 quo
275 774 338 816 non
361 753 503 837 sugeret,
529 751 555 814 si
578 774 662 816 nttnc
683 753 762 815 bace
784 763 929 815 monstra
950 752 1075 816 videret

99 854 333 938 Pythagoras?
357 854 478 918 carnotis
501 852 686 917 animalibus
710 852 861 917 abstinuit
883 852 939 938 qui

101 960 277 1042 Tamquam
300 956 427 1023 homine
451 969 482 1021 et
505 957 609 1023 ventri
630 954 759 1020 indulsit
781 976 846 1020 nou
870 976 963 1022 omne
985 959 1147 1043 legumen.

550 1097 773 1112 *u-

360 1227 426 1290 EX
449 1224 624 1290 SATIRA
646 1225 692 1289 Χ.
717 1246 751 1288 v.
776 1224 958 1291 (llo-866.

99 1367 155 1432 Nil
178 1388 259 1452 ergo
283 1368 440 1448 optabunt
462 1364 632 1428 homines?
656 1363 689 1427 Si
711 1363 877 1428 consilium
901 1360 971 1444 vis,

101 1469 274 1534 Permittcs
296 1467 374 1550 ipsis
397 1469 579 1548 expendere
604 1464 805 1542 numinibus,
830 1465 908 1551 quid

101 1570 283 1636 Conveniat
306 1569 398 1632 nobis
420 1572 581 1653 rebusque
603 1568 643 1630 sit
665 1567 741 1631 utile
765 1568 897 1632 nostris.

99 1676 182 1737 Nam
206 1693 268 1754 pro
290 1670 436 1734 iucundis
459 1669 619 1752 aptissima
641 1691 788 1754 quaeque
815 1673 935 1734 dabunt
958 1671 1010 1736 di:

100 1774 220 1838 Carior
244 1786 291 1838 est
313 1774 375 1835 illis
397 1774 517 1856 horno,
543 1793 635 1856 quam
660 1772 733 1834 sibi.
777 1774 848 1836 Nos
871 1773 1048 1843 animorum
1201 1777 1220 1840 5

100 1878 245 1958 Impulsu
268 1887 300 1940 et
323 1897 416 1938 caeca
441 1895 617 1957 magnaque
640 1870 792 1955 cupidine¹
811 1873 917 1949 ducti,

100 1978 295 2062 Coniugium
318 1977 455 2060 petimus
478 1989 668 2060 partumque
691 1965 823 2039 uxoris:
853 1986 884 2038 al
905 1974 969 2039 illis

98 2083 238 2155 Notum,
263 2080 318 2164 qui
340 2079 432 2160 pueri
453 2078 619 2161 qualisque
641 2078 749 2141 sutura
768 2077 811 2140 sit
834 2099 931 2141 raxor.

97 2185 142 2248 Ut
165 2194 267 2244 tamen
290 2192 320 2244 et
343 2202 460 2263 poscas
483 2179 601 2264 aliquid
623 2200 807 2264 voveasque
830 2178 955 2244 sacellis

98 2287 184 2348 Exta
207 2296 239 2347 ct
260 2283 416 2346 candiduli
440 2283 545 2344 divina
568 2282 726 2346 tomacula
749 2281 862 2365 porci:
935 2343 938 2347 ,

99 2388 263 2451 Orandum
287 2397 352 2461 est,
377 2396 412 2446 ut
434 2384 474 2446 sit
497 2405 584 2447 mens
607 2406 681 2449 sana
703 2385 900 2468 incorpore
921 2406 1027 2473 sano.
1073 2447 1077 2453 ,
1133 2443 1138 2454 ,
1165 2419 1173 2464 ;·

96 2491 230 2553 Fortem
254 2508 353 2569 posce
377 2486 533 2563 animum,
559 2488 671 2549 mortis
694 2499 820 2551 terrore
843 2498 1020 2564 carentem,
1104 2562 1105 2567 η

98 2590 161 2670 Qui
184 2590 319 2672 spatium
345 2588 428 2652 vitae
452 2601 628 2652 extremum
651 2589 734 2650 inter
758 2610 887 2651 murncra
907 2601 1010 2671 ponat

96 2694 262 2766 Naturae,
288 2690 341 2772 qui
362 2691 450 2754 ferre
474 2702 567 2774 queat
589 2712 797 2773 quoscunque
820 2690 968 2766 labores,

97 2793 228 2857 Nesciat
251 2792 363 2869 irasci,
388 2792 497 2874 cupiat
518 2792 594 2854 nibil
618 2803 649 2855 et
671 2792 816 2874 potiores

96 2894 250 2959 Herculis
269 2904 441 2958 'aeriamuas
462 2896 572 2957 credat
593 2914 773 2975 saevosque
796 2894 925 2958 labores

95 2996 141 3061 Et
163 2998 294 3060 Venere
318 3007 350 3060 et
372 2996 481 3059 coenis
504 3006 535 3058 et
556 2995 664 3076 plmna
688 2996 907 3078 Sardanapali.
932 3040 936 3045 -

96 3097 252 3162 Monstro
275 3101 363 3182 quod
387 3097 447 3180 ipsi
468 3096 526 3159 tibi
548 3096 652 3179 possis
675 3100 770 3161 dare:
793 3099 905 3162 semita
926 3110 1015 3165 certe

97 3199 305 3284 Tranquillae
327 3220 387 3282 per
410 3198 557 3262 virtutem
581 3193 667 3282 patet
690 3185 780 3263 canica
804 3200 901 3264 vitae.

95 3301 228 3365 Nullum
251 3323 366 3388 numen
390 3303 509 3376 habes,
534 3300 561 3364 si
584 3300 624 3362 sit
646 3303 832 3384 prudentia,
857 3325 917 3368 nos
940 3317 972 3368 te
1177 3309 1219 3372 20
1257 3334 1260 3343 ’

97 3403 168 3467 Nos
191 3402 344 3477 iacimus,
370 3393 533 3478 Fortuna,
558 3403 830 3488 dcamcacloq'ue
853 3405 1009 3470 locamus.

92 3566 136 3608 dos
155 3558 477 3634 CererisUaootpoivtqg)
496 3563 648 3636 μυστήρια
665 3562 781 3632 μεγάλα
805 3572 828 3613 et
845 3581 945 3611 arcanas
964 3571 1094 3614 eorundem
1115 3571 1218 3615 cerimo-

91 3636 145 3679 uias
169 3637 334 3688 revelaverat,
364 3635 444 3679 babila
469 3641 523 3689 ante
548 3651 632 3681 severa
651 3639 792 3694 quaestione
810 3639 839 3688 de
858 3637 906 3680 vila
925 3651 982 3692 pure
1001 3644 1024 3683 el
1042 3644 1122 3683 sancte
1139 3640 1219 3685 aeta.”

34 3724 36 3729 v
91 3704 122 3747 ll.
175 3701 233 3748 lte.
264 3700 327 3747 boec
355 3703 405 3748 CF.
463 3702 521 3750 148.
550 3705 654 3750 inclusit
671 3707 701 3750 R.
748 3697 806 3750 idi.
827 3704 924 3764 limine]
943 3707 1080 3752 ABCEFG.
1100 3708 1163 3762 nup.
1183 3727 1219 3743 ·-

90 3771 426 3819 contemnentem.
447 3775 520 3818 Web.
581 3773 639 3819 167.
661 3771 734 3834 sessi
750 3776 781 3821 D.
836 3773 894 3822 168.
914 3773 1163 3821 marcomannes.
1183 3800 1217 3812 -

91 3837 244 3886 Nescierant
259 3843 288 3886 B.
308 3841 345 3887 lb.
364 3841 492 3889 excudere
510 3843 541 3890 E.
561 3866 595 3877 —
613 3843 733 3888 excidere
753 3846 782 3889 C.
803 3867 836 3879 -
854 3843 991 3888 extendero
1009 3845 1038 3890 F.
1089 3842 1147 3890 174.
1167 3858 1218 3891 non

91 3921 164 3952 ornae
182 3909 309 3969 legumen]
328 3917 472 3966 ‚maenalus
492 3913 546 3961 scil.
567 3913 661 3967 labain,
687 3928 748 3972 quae
766 3927 796 3959 ex
814 3913 929 3970 sanguine
947 3913 1050 3960 burriano
1069 3920 1124 3958 orta
1142 3921 1216 3961 esset.

91 3977 153 4022 Nam
176 3978 249 4024 flores
277 3981 328 4025 eius
356 3982 379 4025 in
405 3981 545 4039 sangninem
564 3987 706 4037 vertuntur,
733 3983 753 4026 si
773 3982 945 4038 seponantur.”
964 3982 1045 4028 schol.
1083 3983 1152 4038 Apud
1169 3984 1218 4029 Lu·

90 4048 186 4092 cinnum
215 4047 265 4093 Vtt.
295 4054 362 4094 auct.
388 4052 446 4094 Vol.
473 4047 498 4097 3.
528 4051 575 4095 Ed.
594 4050 679 4096 Lebm.
700 4065 724 4106 p.
746 4049 786 4096 96.
836 4050 987 4108 Pythagoras
1013 4055 1074 4096 luter
1093 4054 1218 4099 aliabaec

91 4117 165 4167 djcit:
194 4113 313 4180 κύαμον
331 4115 503 4180 ἑψηθέντα,
530 4112 570 4183 ἤν
587 4114 670 4189 ἀφῇς
687 4118 718 4180 ἐς
733 4114 789 4183 τὴν
807 4116 968 4182 σεληναίην
985 4113 1051 4182 νυξὶ
1066 4134 1217 4190 μεμετρη-

88 4185 230 4254 μένῃσιν,
251 4180 327 4253 αἷμα
344 4181 487 4249 ποιήσεις.
524 4189 577 4234 cta.
598 4191 750 4236 (Ji-annerum.
843 4235 847 4243 ,
992 4238 995 4243 ,

510 4310 788 4323 m

139 4331 230 4383 eelogae
244 4333 300 4374 l'o'e’t.
310 4332 354 4373 lat.
964 4333 976 4392 4
986 4334 1003 4392 7
