2782 4762
129 192 166 277 rr

127 349 268 411 Naturae
291 346 412 430 primus
433 356 599 429 portarum
622 344 758 409 claustra
779 345 919 429 cupiret.

127 454 221 535 Ergo
241 450 350 514 vivida
372 449 420 513 vis
442 447 539 512 animi
562 447 703 532 pervicit
724 460 756 512 et
776 461 867 512 extra

127 554 294 619 Processit
317 554 415 637 longe
437 550 628 616 flammantia
651 551 777 617 moenia
799 552 907 617 mundi

127 656 236 743 Atque
259 678 351 720 omne
367 655 558 733 ,immensum
579 655 768 738 peragravit
789 667 892 719 mente
914 653 1099 739 animoque3

128 762 221 824 Unde
239 759 340 823 refert
358 759 452 824 uobis
473 757 599 834 victor,
621 757 700 843 quid
724 757 828 841 possit
849 757 946 834 oriri,
976 802 980 809 -

129 863 214 943 Quid
234 874 388 948 nequeat;
410 861 499 924 finita
518 871 662 944 potestas
681 860 816 946 denique
840 862 981 948 quoique

129 967 271 1046 Quanam
293 964 334 1028 sit
355 964 481 1029 ratione
502 974 596 1049 atque
619 963 680 1027 alte
702 965 857 1027 terminus
879 967 1026 1028 haerens.

129 1069 237 1148 Quare
257 1067 389 1152 Religio
412 1066 548 1150 pedibus
570 1066 714 1130 subiecta
736 1066 875 1131 vicissim

130 1170 315 1247 Obteritur,
339 1193 399 1235 nos
422 1182 579 1256 exaequat
601 1169 740 1234 victoria
763 1171 868 1235 caelo.

192 1274 277 1336 Illud
298 1274 331 1337 in
353 1274 403 1336 his
425 1277 522 1337 rebus
544 1295 678 1349 vereor,
700 1295 740 1335 ne
759 1273 847 1338 forte
869 1274 969 1338 rearis

128 1376 231 1458 Impia
251 1388 282 1439 te
304 1375 440 1440 rationis
462 1375 544 1441 inire
568 1376 722 1439 elementa
747 1377 893 1463 viamque

130 1479 302 1563 Indugredi
324 1478 472 1554 sceleris3
495 1482 584 1563 quod
606 1489 720 1542 contra
742 1480 869 1562 saepius
892 1480 946 1543 illa
1039 1529 1041 1533 >

129 1581 262 1666 Religio
282 1581 410 1665 peperit
432 1582 593 1645 scelerosa
613 1592 707 1666 atque
729 1581 829 1665 impia
850 1583 947 1646 sacta.

129 1684 248 1749 Aulide
268 1707 332 1769 quo
354 1697 452 1767 pacto
477 1683 604 1748 Triviai
628 1683 766 1769 virginis
789 1707 873 1748 aram

129 1786 329 1869 Iphianassai
349 1798 520 1870 turparunt
538 1787 691 1871 sauguine
707 1787 804 1852 foede

130 1890 293 1954 Ductores
315 1891 462 1954 Danadm
485 1888 640 1965 delectei,
666 1889 770 1971 prima
792 1891 950 1957 virorum.

131 1991 219 2072 Quoi
241 1992 334 2055 simul
352 1992 453 2057 insula
473 1992 641 2076 virgineos
664 1992 859 2057 circumdata
882 2007 1029 2078 comptus

131 2097 186 2158 Ex
206 2106 340 2181 utraque
363 2096 436 2178 pari
460 2095 612 2158 malarum
633 2107 725 2177 parte
746 2098 881 2177 profusa
903 2111 965 2174 est,

131 2200 174 2261 Et
198 2209 347 2261 maestum
368 2197 460 2262 simul
484 2210 555 2262 aute
579 2220 650 2260 aras
674 2201 798 2261 adstare
819 2211 984 2281 parentem

131 2299 237 2364 Sensit
257 2312 289 2364 et
312 2303 398 2364 hunc
419 2313 557 2384 propter
577 2301 699 2365 serrum
726 2300 831 2364 celare
854 2301 1036 2379 ministros,

130 2405 338 2488 Aspectuque
359 2426 416 2468 suo
439 2404 595 2467 lacrumas
616 2406 779 2467 effundere
801 2404 919 2480 civeis;

131 2507 227 2570 Muta
248 2517 332 2569 metu
352 2517 489 2582 terram,
513 2507 647 2590 genibus
669 2506 848 2584 summissa,
871 2511 1020 2590 petebat:

131 2610 202 2672 Nec
224 2608 358 2672 miserae
379 2613 534 2691 prodesse
551 2608 584 2672 iu
605 2608 661 2671 tali
683 2621 829 2691 tempore
851 2610 979 2696 quibat,

132 2712 229 2791 Quod
251 2712 358 2794 patrio
380 2711 532 2794 princeps
553 2715 689 2776 donarat
711 2713 840 2776 nomine
862 2736 985 2798 regem.

132 2815 214 2877 Nam
237 2814 360 2877 sublata
381 2813 486 2877 virtlm
507 2815 651 2878 manibus
671 2819 942 2901 tremebundaque
965 2821 1004 2880 ad
1026 2839 1112 2881 aram

132 2917 278 2981 Deducta
299 2929 363 2992 est;
386 2940 451 2982 non
472 2929 523 2994 ut,
542 2902 694 2982 sollemni
716 2940 806 2982 more
829 2941 997 2984 sacrorum

133 3019 306 3096 Perfecto,
330 3031 439 3102 posset
462 3020 551 3084 claro
571 3020 720 3085 comitari
741 3024 937 3102 hymenaeo;

188 3250 228 3296 72,
257 3252 354 3309 cupiret
377 3250 457 3296 lirrnat
481 3253 509 3298 C.
548 3253 610 3298 Note
634 3255 719 3298 falsam
743 3256 798 3300 lect.
825 3256 906 3299 cuiret
929 3257 946 3302 i.
973 3270 996 3302 e.
1022 3255 1104 3314 quiret
1128 3271 1142 3299 a
1160 3259 1251 3301 Vossio

133 3321 209 3365 Arist.
230 3323 258 3375 l,
280 3321 321 3366 18.
342 3328 366 3366 et
383 3324 529 3368 Sclrueidero
548 3323 604 3368 Lot.
625 3323 741 3369 Gramen,
757 3323 782 3370 1.
802 3340 825 3380 p.
841 3322 900 3369 322.
922 3327 1049 3369 laudatam.
1071 3325 1119 3379 (G.
1141 3327 1188 3370 n:
1209 3342 1252 3370 cu-

130 3391 223 3448 peret.)
240 3392 291 3435 -Ut
313 3393 399 3448 cupire
424 3395 459 3436 sie
474 3394 565 3450 perire
584 3394 666 3449 prisci.
687 3409 710 3440 v.
730 3395 805 3439 Forb.
862 3393 903 3440 78.
924 3394 1048 3456 Quantum
1067 3395 1101 3439 sit
1119 3396 1149 3440 G.
1171 3397 1200 3441 C.
1220 3397 1250 3440 E.

133 3461 378 3516 Edd.anteLamb.,
399 3465 438 3518 qui
458 3464 599 3508 emendarit.
639 3462 680 3509 33.
699 3463 840 3525 indugredi
858 3464 888 3509 G.
903 3465 933 3510 C.
948 3466 978 3510 E.
995 3465 1035 3508 W.
1050 3489 1083 3499 -—
1102 3466 1180 3511 Ham:
1210 3480 1252 3508 on-

133 3526 264 3590 degredi(
305 3529 347 3576 86.
372 3530 554 3588 kaioneseeeo
573 3534 665 3589 Gryph.
693 3534 781 3592 (Codd.
802 3537 889 3592 plerIq.
910 3541 933 3580 et
951 3536 1011 3579 Edd.
1033 3540 1091 3579 velt.
1112 3538 1149 3580 vel
1167 3533 1252 3592 Ipln'u-

134 3615 225 3646 russeo
243 3597 283 3659 [C.
304 3601 334 3649 E.
354 3601 409 3646 illd.
429 3599 466 3660 2.]
494 3605 530 3648 vel
549 3601 749 3661 Iphianassam.)
785 3603 968 3661 Iphianassaeo
987 3619 1044 3649 sane
1063 3612 1157 3650 reclum
1176 3609 1250 3648 esset.

134 3671 187 3716 efr.
205 3671 318 3727 Apollou.
338 3672 416 3714 Rhod.
439 3672 469 3724 1,
491 3669 550 3718 758:
570 3670 724 3738 Πελοπήϊα
742 3670 822 3722 νῶτα
840 3669 948 3735 δαΐξαι.
969 3675 1057 3720 Catull.
1071 3676 1208 3720 Cormsser.
1225 3672 1250 3717 8.

134 3741 237 3795 Epithal.
258 3743 310 3788 Pel.
331 3738 389 3786 369.
409 3741 553 3801 Polyxenia
572 3769 581 3778 -
600 3769 610 3779 ·
629 3743 714 3792 caede.
738 3744 806 3788 Nunc
820 3750 897 3788 lairico
912 3748 970 3790 cedo
984 3746 1120 3790 auctoritati
1132 3744 1252 3788 Prisciani

135 3825 158 3864 p.
180 3808 238 3854 728.
256 3811 356 3857 Pulsch.
377 3817 401 3856 et
419 3813 463 3856 Cd.
486 3814 598 3868 Gottorp.
618 3813 717 3868 (Arane.
736 3811 859 3870 Ilecentt.)
895 3815 931 3859 Ad
950 3822 1028 3860 totum
1046 3815 1151 3861 Lucretii
1173 3816 1253 3857 locurn

135 3881 180 3926 clr.
200 3881 311 3935 Aeschyli
329 3882 471 3940 Agamemu.
491 3898 515 3932 r.
537 3881 596 3928 183.
614 3885 719 3927 Person.
739 3885 799 3927 Mox
814 3883 900 3928 dilecti
916 3886 946 3930 G.
968 3886 1004 3930 lb.
1026 3888 1113 3943 primo
1131 3880 1252 3939 virorum]

133 3951 201 4004 Apud
221 3950 328 3994 Graecos
341 3952 385 3996 hoc
398 3953 562 4010 frequentius:
582 3948 620 4001 τὰ
634 3951 736 4020 πρώτα
748 3949 805 4002 τῶν
819 3948 944 4024 ἀνδρῶν.
984 3954 1027 4001 91.
1047 3957 1160 4000 celerare
1173 3955 1252 3998 Avan-

135 4023 201 4074 cius,
221 4021 340 4064 Piusw.
354 4022 422 4067 Eich.
443 4024 508 4068 Nilril
521 4029 599 4066 tamen
612 4028 679 4066 notat
696 4037 724 4066 ex
737 4023 798 4071 Edd.
818 4029 876 4068 vett.
897 4025 1031 4070 Gerardus.
1069 4022 1156 4070 Celare
1173 4025 1252 4080 utique

134 4092 189 4135 Ald.
204 4089 229 4137 2.
249 4086 370 4151 (Grrplr.)
387 4093 417 4135 L.
437 4095 467 4138 ll.
487 4094 565 4138 Codd.
585 4106 668 4137 ornnes
686 4089 773 4153 (ctiam
792 4094 824 4138 G.
844 4095 888 4148 E.)
908 4096 969 4139 etsi
989 4094 1047 4138 lides
1066 4096 1192 4149 Gerar-do,
1214 4093 1253 4151 qui

134 4176 191 4204 raro
210 4161 338 4214 dormitat,
366 4160 427 4205 Edd.
448 4169 504 4208 vett.
534 4163 649 4218 Cirpidius
667 4164 805 4226 saue-illud
824 4166 927 4219 arripuit
944 4165 1018 4208 war.
1055 4167 1131 4209 Poma
1150 4165 1254 4207 fortasse

134 4233 240 4286 picturae
259 4244 351 4275 uremor
369 4231 432 4286 fuit,
453 4237 475 4277 iu
496 4235 650 4290 quaternum
669 4233 755 4277 celum
775 4237 851 4294 inagis
871 4250 940 4292 quam
960 4235 1076 4278 celerans
1089 4234 1254 4290 conspicieba-

135 4307 172 4344 tur
197 4313 273 4357 popa3
311 4301 355 4346 etsi
380 4302 462 4347 rhetor
489 4309 608 4349 terrorem
636 4302 722 4362 vlrglui
753 4305 894 4351 incussurus
921 4304 979 4350 illud
1010 4318 1066 4350 sune
1092 4305 1253 4360 praetulisset.
