2782 4762
121 353 189 414 Aut
214 373 231 413 e
254 363 342 414 veste
366 373 419 412 sua
444 353 573 413 tendent
597 351 781 413 irrnbraeula
803 349 894 413 sertis

186 454 325 526 Vincta,
350 466 524 516 coronatus
544 452 641 515 stabit
664 465 696 515 et
719 463 790 515 ante
813 453 909 515 calix.

121 558 169 619 At
191 554 252 618 sibi
275 555 409 637 quisque
432 557 529 636 dapes
552 567 584 617 et
605 556 703 617 festas
726 564 871 617 exstruet
893 554 956 615 alte

191 657 375 739 Cespitibus
398 679 518 720 mensas
542 656 778 739 cespitibusque
801 667 919 718 torum.

126 762 256 843 lugeret
279 759 329 820 bie
350 772 446 839 potus
469 759 592 822 iuvenis
617 759 778 820 maledieta
802 758 947 837 puellae,

189 862 369 925 Postmodo
393 883 473 945 quae
496 860 581 924 votis
603 860 694 922 irrita
716 860 799 922 laeta
825 858 912 922 velit.

127 965 207 1025 Nam
229 963 318 1025 serus
340 964 394 1024 ille
416 984 490 1024 suae
512 962 653 1043 plorabit
676 960 804 1025 sobrius
826 962 906 1025 idem

187 1067 231 1128 Et
254 1086 288 1127 se
310 1064 426 1127 iurabit
447 1076 551 1127 sitente
572 1064 670 1126 luisse
694 1064 787 1127 mala.

126 1168 211 1229 Pace
233 1177 306 1240 tua,
330 1176 464 1246 pereant
486 1187 579 1228 arcus
601 1170 798 1249 pereantque
820 1167 975 1250 sagittae,

189 1270 342 1343 Phoebe,
368 1272 463 1332 niodo
486 1270 517 1331 in
540 1269 634 1330 terris
657 1280 742 1330 erret
764 1268 891 1330 inermis
914 1271 1036 1342 Amor;

127 1370 192 1431 Ars
215 1372 317 1443 bonam
340 1369 411 1448 sed,
435 1383 603 1452 postquam
628 1369 760 1449 sumpsit
783 1369 844 1432 sibi
866 1371 929 1432 tela
953 1370 1102 1452 Cupido,

190 1473 262 1533 Heu
286 1474 346 1534 heu
371 1495 464 1556 quam
489 1472 593 1534 inultis
618 1493 674 1533 ars·
692 1470 778 1533 dedit
799 1471 853 1533 illa
877 1472 1008 1536 malum!

126 1574 170 1634 Et
193 1573 267 1636 mibi
290 1575 484 1656 praecipue:
507 1575 597 1637 iaceo
620 1594 717 1657 qinom
741 1574 866 1635 saucius
889 1595 1002 1636 anuum

188 1678 231 1738 Et
253 1677 350 1741 laven
374 1666 509 1750 inorbo,
534 1697 630 1759 quom
652 1675 741 1737 iirvat
761 1674 829 1755 ipse
852 1675 966 1751 dolor,

125 1777 236 1860 Usque
258 1799 338 1840 cano
361 1776 532 1851 Nemesin,
557 1777 622 1839 sine
646 1797 710 1859 qua
731 1797 842 1838 versus
864 1774 940 1837 mibi
962 1776 1065 1838 nullus
1149 1786 1152 1791 '

189 1880 298 1941 Verba
322 1891 430 1959 potest
452 1879 553 1942 iustos
576 1889 629 1941 aut
651 1877 794 1957 reperire
815 1879 925 1957 pedes.

127 1981 172 2041 At
194 1965 248 2054 lu,
272 2001 341 2043 nam
365 1980 471 2043 divdm
496 1996 603 2042 serrat
619 1980 725 2042 tutela
749 1982 881 2060 poetas,

187 2082 413 2155 Praemoneo,
439 2081 506 2144 vati
527 2102 644 2163 parce,
669 2082 792 2163 puella,
819 2101 936 2143 sacro:

127 2183 171 2244 Ut
194 2183 401 2245 Messalinum
425 2183 604 2258 celebrem,
629 2204 727 2266 quom
749 2184 887 2264 praemia
910 2184 985 2247 belli

188 2284 273 2346 Ante
296 2306 371 2348 suos
395 2306 508 2347 currus
532 2285 649 2366 oppida
672 2285 754 2347 vieta
776 2285 880 2360 feret,

124 2385 199 2467 Ipse
222 2408 336 2468 gerens
357 2387 484 2460 laurus;
509 2387 600 2450 lauro
622 2387 788 2450 devinctus
810 2388 942 2471 agresti,

189 2487 305 2561 Miles,
328 2489 386 2562 lo,
412 2509 525 2571 magna
551 2509 650 2563 vore,
677 2489 871 2570 Triumphe,
903 2501 1005 2553 canet.

125 2589 218 2651 'l'unc
241 2590 380 2651 Messala
404 2611 489 2653 meus
511 2589 563 2669 pia
587 2593 640 2652 det
662 2591 839 2673 spectacula
865 2594 977 2654 turbae

187 2691 231 2752 Et
253 2692 381 2772 plaudat
405 2713 501 2752 erirru
523 2702 745 2771 praetereunte
766 2706 869 2773 peter.

127 2795 262 2865 Annue3
285 2793 330 2854 sie
351 2792 408 2855 tibi
431 2793 492 2855 sint
514 2793 654 2867 intonsi,
678 2796 830 2869 Phoebe,
855 2795 979 2876 capilli,

188 2894 241 2956 Sie
265 2907 317 2957 tua
340 2907 496 2976 perpetuo
518 2901 563 2958 sit·
582 2896 639 2959 tibi
661 2906 747 2958 easta
770 2902 882 2961 soror!

403 3061 956 3144 lPSEUDO'l'lBULLI

442 3186 543 3246 Linus
566 3187 630 3248 111.
655 3187 846 3250 ELEGlA.
870 3190 916 3250 V.

122 3312 194 3372 Vos
218 3319 321 3383 tenet,
347 3307 493 3371 Etruscis
517 3318 620 3369 manat
643 3328 724 3389 quiae
743 3309 887 3372 sontibus
910 3312 1011 3384 unda,

185 3413 276 3474 Unda
299 3414 358 3472 sub
382 3411 533 3472 aestivum
555 3431 619 3472 non
642 3411 784 3472 adeunda
809 3408 949 3488 Canem,

114 3572 266 3634 ficinutqus]
286 3587 339 3617 rum
358 3573 418 3617 Cdd.
438 3575 543 3618 llroukb
559 3575 658 3618 Larhm.
675 3597 706 3608 -
719 3573 880 3635 deficientpue
898 3575 1032 3633 Regiensis.
1053 3577 1083 3620 ll.
1111 3575 1169 3620 103.
1189 3579 1239 3622 ium

122 3642 183 3685 Cod.
205 3642 228 3685 1.
249 3645 280 3687 V.
336 3639 394 3688 105.
412 3642 527 3702 pereunt]
547 3658 599 3687 rum
618 3644 677 3687 Cdd.
697 3643 726 3686 L.
748 3667 779 3677 -
795 3651 946 3702 pereantque
966 3646 1036 3702 uulgo
1056 3660 1068 3688 e
1088 3645 1151 3688 libro
1170 3648 1249 3690 Slor!

122 3711 179 3755 tiae.
224 3708 284 3756 107.
303 3725 351 3756 sun
368 3712 418 3755 tela
437 3712 512 3756 Codd.
534 3711 558 3757 2.
580 3715 611 3756 V.
657 3709 715 3757 108.
734 3712 785 3756 istu
803 3713 878 3759 Codd.
899 3714 974 3758 tntilli.
998 3716 1029 3758 V.
1049 3715 1078 3758 B.
1132 3712 1189 3760 109.
1209 3717 1240 3760 At

122 3780 154 3823 al.
203 3778 349 3839 1111.foeeo
367 3779 480 3825 morbum
498 3782 542 3828 ct.
567 3780 590 3826 1.
611 3784 699 3826 'Potum
718 3783 796 3825 lorum
809 3783 920 3826 constitui
935 3797 987 3826 cnm
1000 3783 1098 3827 Larbru.
1115 3785 1235 3830 llum-blo:

122 3873 154 3881 -
168 3847 200 3893 Et
216 3848 280 3894 milri
294 3851 445 3906 praecipue,
467 3851 537 3895 iaceo
554 3866 627 3909 quom
644 3851 748 3895 saueius
764 3863 857 3894 onerem
875 3850 907 3894 Et
917 3849 995 3910 subeo
1013 3854 1115 3907 morbo,·
1133 3860 1183 3898 tem
1196 3857 1239 3899 in-

121 3923 162 3962 eat
178 3919 233 3975 ipae
252 3918 339 3963 dolor!
368 3918 466 3978 Vixque
484 3933 547 3963 rouo
564 3919 700 3964 Nemesin:
731 3920 754 3963 iu
774 3920 860 3976 quibus
880 3927 930 3963 tum
950 3927 985 3966 est
1007 3924 1102 3967 erarii.
1122 3925 1238 3969 Passera-

121 3989 162 4041 tii,
192 3986 289 4046 Vixque
315 3989 401 4033 baberet
432 3990 482 4032 ltali
513 3994 536 4032 et
567 4003 656 4043 prunus
681 3991 755 4032 Aldus
782 3990 846 4032 dedit
866 3986 941 4035 1515.
978 3990 1058 4049 Usque
1077 3995 1240 4048 praetulerunt

122 4059 191 4101 etiam
203 4059 291 4101 Wtiud.
311 4059 341 4103 V.
355 4059 416 4104 ests.
459 4055 516 4101 112.
529 4059 655 4114 reperisse
668 4058 745 4101 Codd.
758 4054 782 4100 1.
797 4059 828 4101 V.
842 4059 871 4102 B.
905 4055 962 4102 111.
976 4060 1089 4106 laurone
1105 4063 1149 4107 Cd.
1164 4065 1192 4107 C.
1208 4064 1236 4106 L.

524 4173 578 4217 bin.
599 4175 644 4217 111.
681 4172 777 4217 ELEG.
799 4175 829 4217 V.

176 4269 198 4315 1.
219 4271 342 4316 ruentibus
362 4271 422 4318 Cod.
444 4268 466 4314 1.
487 4271 532 4314 duo
550 4272 573 4313 in
593 4283 669 4329 urarg.
691 4272 721 4314 V.
