2782 4762
125 210 165 273 30

126 367 299 451 Temporis
319 367 443 430 incusat
459 386 585 433 momen
608 366 791 452 caelumque
809 365 942 450 fatigat3
1155 367 1237 427 1170

126 474 169 536 Et
190 483 318 554 crepat,
342 469 503 556 antiquum
526 491 624 554 genus
645 481 680 533 ut
696 468 814 552 pietate
835 471 989 552 repletum

126 574 288 640 Perfacile
308 573 449 658 angustis
468 573 617 637 tolerarit
638 573 754 636 llnihus
777 595 909 648 aevom,

128 680 234 761 Quom
255 676 358 740 minor
380 687 462 739 esset
483 675 555 760 agri
576 675 675 739 multo
698 678 809 739 modus
828 687 899 738 ante
921 674 1060 739 viritim:

126 783 197 844 Nec
215 791 299 843 tenet
319 778 424 843 omnia
447 778 609 861 paullatim
632 780 796 842 tabescere
818 790 850 841 et
869 777 917 842 irc

126 887 179 948 Ad
201 882 347 966 capulum
369 880 474 964 spatio
490 879 608 945 ¹aetatis
629 881 752 945 defessa
774 891 913 946 vetusto.

427 1089 431 1098 ·
501 1070 578 1132 L1s.
595 1070 660 1134 Ill.
684 1069 868 1135 v.1-93.

190 1194 218 1254 E
241 1189 381 1255 tenebris
398 1189 492 1253 tantis
512 1201 576 1252 tam
595 1189 715 1254 clarum
739 1190 895 1254 extollere
915 1190 1019 1254 lumen
1039 1255 1043 1262 ,

128 1294 191 1376 Qui
209 1295 329 1376 primus
350 1291 485 1376 potuisti
505 1291 666 1356 illustrans
690 1296 858 1357 commoda
885 1293 985 1368 vitae,

128 1401 176 1460 Te
199 1416 332 1482 sequor,
356 1416 376 1459 o
400 1392 519 1458 Graiae
542 1394 646 1478 gentis
668 1397 781 1459 decus!
809 1395 906 1481 inque
927 1395 990 1460 tuis
1012 1418 1095 1459 nnnc

128 1500 219 1563 Ficta
241 1500 355 1581 pedum
377 1518 465 1579 pono
487 1495 607 1579 pressis
629 1495 766 1581 vestigia
783 1497 904 1580 signis3

127 1604 204 1665 Non
225 1600 269 1663 ita
292 1597 433 1663 certandi
455 1599 606 1681 cupidus,
630 1621 722 1684 quam
747 1611 884 1683 propter
907 1623 1065 1678 amorem,
1225 1604 1243 1664 5

129 1706 225 1785 Quod
246 1714 277 1766 te
298 1701 415 1765 imitari
438 1722 534 1766 aveo.
579 1701 666 1781 Quid
688 1703 770 1765 enim
793 1707 963 1766 contendat
985 1704 1124 1769 hirundo

129 1805 271 1886 Cycnis?
293 1816 346 1867 aut
367 1804 515 1889 quidnam
537 1803 679 1867 tremulis
700 1805 809 1869 facere
831 1808 961 1869 artubus
983 1807 1095 1871 haedei

129 1907 303 1974 Consimile
324 1907 357 1970 in
381 1929 474 1970 cursu
495 1905 636 1989 possint,
660 1918 691 1971 et
712 1907 809 1972 fortis
831 1909 905 1995 equi
929 1909 999 1972 vis?

131 2015 200 2087 Tu,
222 2013 339 2075 Pater!
364 2032 397 2073 es
419 2030 526 2071 rerum
547 2008 718 2084 inventor;
740 2021 775 2073 tu
796 2011 899 2094 patria
921 2010 1016 2075 nobis

130 2111 320 2195 Suppeditas
342 2122 532 2194 praecepta,
555 2111 617 2173 tuis
639 2133 699 2186 ex,
721 2111 856 2189 inclute,
881 2114 1018 2191 chartis,
1207 2121 1246 2180 10

112 2213 302 2285 „Floriferis
324 2225 357 2276 ut
378 2235 453 2296 apes
476 2212 508 2275 in
531 2211 662 2276 saltibus
684 2213 791 2277 omnia
811 2215 938 2290 limant,

131 2317 247 2384 Omnia
268 2339 327 2381 nos
349 2315 456 2380 itidem
481 2314 680 2397 depascimur
701 2338 797 2379 aurea
819 2317 921 2395 dicta,

132 2422 259 2496 Aurea,
281 2430 436 2503 perpetua
458 2439 583 2499 semper
606 2416 791 2502 dignissima
813 2418 893 2484 vita.

194 2525 277 2586 Nam
299 2521 392 2584 simul
414 2543 452 2584 ac
474 2518 560 2584 ratio
582 2531 636 2582 tua
659 2519 766 2602 coepit
787 2521 963 2587 vociferari

130 2630 284 2691 Naturam
307 2647 414 2688 rerum
436 2623 543 2686 divina
564 2633 667 2687 mente
690 2631 855 2702 coortam,

131 2728 314 2814 Diffugiunt
335 2724 431 2790 animi
451 2736 612 2800 terrorem
635 2724 761 2789 moenia
783 2729 891 2792 muudi

186 2954 261 3004 1175.
281 2956 396 3015 capulum
407 2954 484 3000 Codd.
496 2953 522 3000 2.
541 2955 637 3013 Reliqui
650 2953 733 3011 (etiam
745 2956 775 3000 G.
785 2956 827 3013 Ε.)
841 2962 865 3002 et
876 2960 1089 3020 cdd.·scopulam,
1109 2964 1170 3009 Har.
1182 2971 1245 3011 coni.

132 3030 249 3088 capulum
267 3027 285 3072 i.
307 3041 330 3071 e.
349 3026 480 3081 feretrum,
508 3031 620 3070 mortem.
654 3026 715 3069 Hinc
733 3039 803 3071 senes
822 3029 970 3086 copulares,
996 3046 1096 3086 prossus
1115 3035 1245 3091 decrepiti,

132 3100 251 3155 similique
266 3097 359 3140 ratione
372 3095 472 3139 Graecis
484 3093 731 3164 τυμβογέροντες,
749 3091 964 3166 σορόπληκτοι,
983 3099 1168 3172 σοροπλῆγες
1179 3106 1245 3150 dicti.

131 3170 234 3213 Frustra
251 3166 382 3210 Salmasius
400 3163 558 3209 contendebat
575 3164 706 3220 scopulum
718 3178 771 3211 esse
784 3179 882 3221 parvum
894 3182 1007 3224 scopum,
1027 3178 1131 3226 metam,
1152 3176 1247 3220 laudato

133 3240 199 3283 Suet.
213 3238 284 3281 Dum.
301 3233 343 3280 19.
356 3233 396 3278 ubi
409 3248 470 3278 nuuc
484 3234 561 3277 editur
569 3245 619 3289 pro
629 3246 713 3290 scopo.
743 3235 811 3291 Quod
829 3238 861 3290 iu⁸
871 3238 917 3284 Ed.
931 3241 991 3284 Ver.
1008 3244 1069 3296 apud
1087 3243 1146 3287 flav.
1164 3246 1247 3290 nescio

133 3309 185 3366 quis
197 3308 373 3361 adscripscrat:
391 3302 552 3348 Proeerhium
569 3301 635 3346 illud
651 3309 698 3347 est.
725 3302 831 3350 Plautus
843 3305 938 3354 Bacch.
952 3310 1058 3354 refertur
1077 3314 1106 3356 ad
1119 3313 1245 3360 subdititia

134 3380 175 3422 illa
187 3377 241 3422 Act.
255 3377 275 3421 l.
289 3377 330 3422 Sc.
342 3375 362 3419 l.
376 3387 474 3430 suppos.
485 3385 509 3417 v.
524 3370 566 3417 26.
584 3368 702 3431 Referam
719 3388 758 3417 ma
777 3373 811 3420 ad
826 3380 957 3437 scopulum
974 3393 1009 3424 sac
1027 3377 1175 3443 naufragio,

527 3516 529 3521 ·
548 3497 602 3543 Lis.
617 3497 663 3543 lll.
688 3511 711 3544 v.
728 3497 831 3546 1-93.

186 3589 210 3636 1.
231 3585 375 3634 Otenebrr's
392 3586 469 3630 Codd.
484 3581 508 3629 lt.
523 3585 566 3631 W.
579 3586 609 3631 E.
632 3607 662 3618 -
680 3584 764 3633 Aren.
778 3587 855 3633 Codd.
868 3586 893 3635 ³.
908 3591 973 3636 ctC.
995 3614 1024 3625 -
1043 3591 1129 3640 Eteri.
1151 3597 1248 3657 Reliqui

134 3663 217 3718 (etiam
225 3658 268 3714 E.)
281 3663 304 3703 et
314 3657 387 3710 Edd„
402 3656 465 3713 quod
477 3657 604 3710 revocari,
624 3671 696 3714 quum
713 3658 851 3714 displiceret
862 3659 949 3705 iterata
960 3662 1105 3711 interiectio.
1144 3665 1170 3711 1.
1186 3666 1249 3726 fieta

135 3734 164 3777 C.
177 3731 208 3776 E.
222 3730 283 3774 Edd.
297 3727 410 3774 1111111.
429 3749 462 3759 -
477 3722 587 3786 ..71111
601 3726 630 3771 L.
642 3727 673 3772 Η.
698 3747 733 3759 -
758 3727 836 3790 „ficta
853 3729 872 3772 i.
892 3744 915 3774 e.
935 3743 961 3775 se
979 3729 1107 3792 fingentis,
1127 3733 1246 3795 effigiata,

135 3798 293 3847 deformata.’'
311 3797 385 3840 wat.
414 3795 465 3838 lmo
481 3796 609 3840 audiendus
624 3797 754 3841 Diomedes
773 3798 793 3842 l.
809 3812 833 3854 p.
854 3794 914 3844 373.
930 3800 961 3844 P.
980 3799 1054 3863 figor
1072 3802 1192 3866 ambigue
1207 3807 1248 3852 ds-

135 3873 245 3916 clinatur
269 3865 336 3927 apud
358 3871 454 3909 veteres
479 3869 588 3922 tempore
606 3863 736 3924 perfecto,
766 3868 909 3923 reperimus
932 3870 999 3913 enim
1015 3871 1096 3935 fictas
1119 3881 1144 3919 et
1160 3875 1247 3939 fixus,

136 3941 249 3987 Scaurus
266 3937 297 3983 dc
315 3937 366 3982 vita
383 3948 446 3989 aaa,
467 3932 585 3994 sagittis,
605 3936 700 3994 inquit,
720 3934 851 3998 confictus.
898 3935 922 3983 5.
942 3952 1016 3997 qoam
1034 3943 1110 3988 Codd.
1124 3945 1194 3992 Brix.
1220 3969 1249 3980 -

136 4010 328 4072 praeventae.
344 4007 404 4050 uude
421 4006 463 4049 W.
482 4001 554 4064 (qud)
570 4006 633 4049 coni.
672 4003 696 4050 6.
717 4006 813 4049 imitari
825 4006 901 4051 Codd.
916 4005 957 4065 (G.
971 4008 1014 4067 Ε.)
1027 4013 1095 4058 Brix.
1110 4039 1142 4049 -
1155 4017 1250 4062 eichst,

136 4081 243 4126 invitare
255 4080 316 4122 Ver.
332 4078 395 4120 Vsu.
416 4076 476 4119 uude
493 4076 537 4119 W.
556 4076 644 4120 edidit:
664 4076 774 4124 imitare.
830 4073 854 4121 9.
874 4082 899 4121 et
915 4077 945 4122 L.
959 4080 988 4124 Η.
1004 4087 1087 4128 contra
1099 4083 1160 4130 Cdd.
1179 4088 1252 4132 etiam

138 4151 205 4196 C.E.
243 4145 286 4192 11.
304 4147 394 4191 limant
407 4145 483 4190 Codd.
498 4145 527 4190 C.
538 4145 569 4189 E.
581 4145 642 4190 Edd.
656 4150 713 4193 vett.
725 4146 755 4190 L.
777 4167 806 4179 -
824 4145 905 4191 libam
915 4148 961 4192 Ar.
973 4150 1004 4196 P.
1016 4153 1047 4198 Α.
1061 4153 1121 4199 nav.
1133 4157 1251 4210 probante

138 4222 209 4267 etiarn
221 4219 300 4264 Bentl.
356 4212 397 4261 15.
417 4214 502 4260 divina
520 4221 600 4260 mente
619 4220 730 4260 coortam
746 4216 765 4260 i.
784 4229 806 4260 e.
826 4221 852 4260 nt
869 4231 921 4262 eam
938 4226 1017 4266 mente
1038 4227 1078 4268 tua
1095 4237 1152 4271 vere
1172 4228 1251 4272 diij

138 4293 180 4336 tibi
199 4289 371 4336 informaveras
389 4299 417 4331 ac
430 4285 604 4342 descripseras.
624 4285 675 4334 Cir.
689 4281 718 4341 5,
732 4283 757 4331 8.
776 4286 872 4332 Etenim
885 4301 914 4334 ex
927 4289 1060 4348 significatu
1072 4296 1182 4353 vulgari,
1202 4311 1250 4356 quo
