2782 4762
618 361 885 429 PROLOGUS.

353 466 424 528 Nee
446 464 536 529 sonte
557 464 649 527 labra
671 464 781 546 prolui
802 464 962 530 caballino

311 569 380 631 Nec
403 567 433 631 in
456 566 579 650 bicipiti
601 567 777 632 somniasse
800 568 963 632 Parnasso

311 671 464 747 Memini,
489 683 523 734 ut
548 682 681 753 repente
704 669 750 733 sie
771 671 870 752 po'e'ta
892 668 1071 753 prodirem.

307 773 581 859 Heliconidasque
606 773 819 857 pallidumque
841 771 983 836 Pirenen

308 875 378 940 Illis
401 876 550 951 remitto,
576 896 713 960 quorum
736 873 891 959 imagines
913 861 1057 939 lambunt

308 980 458 1042 Hederae
485 998 658 1064 sequacesa
681 977 750 1059 ipse
773 977 994 1063 semipaganus
1020 1021 1027 1032 ·

308 1083 363 1145 Aa
382 1103 474 1146 sacra
498 1074 606 1146 vatum
629 1101 758 1143 carmen
781 1081 883 1146 aliero
907 1092 1065 1146 nostrum.

308 1184 390 1266 Quis
413 1183 576 1266 expedivit
598 1183 736 1266 psittaco
760 1204 850 1245 sutun
871 1190 987 1274 χαῖρε,

308 1287 468 1371 Pisasque
491 1286 599 1350 docuit
622 1297 732 1350 nostra
755 1288 856 1349 verba
879 1287 1020 1351 conari?

306 1390 471 1475 Magister
494 1388 572 1453 artis
592 1388 765 1472 ingenique
787 1389 925 1473 largitor

309 1495 453 1574 Venter,
477 1504 608 1578 negatas
629 1491 747 1555 artifex
769 1492 858 1575 sequi
882 1513 993 1559 voces.

309 1599 408 1680 Quod
430 1595 458 1659 si
480 1594 585 1660 dolosi
606 1615 678 1677 spes
700 1593 865 1658 refulserit
886 1597 1020 1674 nummi,

309 1699 442 1767 Corsos
464 1700 580 1782 po'e‘tas
603 1708 634 1761 et
657 1696 801 1779 po'e'trias
822 1697 911 1780 picas

308 1800 449 1868 Cantare
472 1804 584 1866 credas
605 1799 801 1885 Pegaseium
824 1813 944 1867 nectar.

563 1931 738 1997 SATIRA
760 1929 930 1998 PRIMA.

223 2051 260 2123 0'
277 2077 370 2120 curas
391 2052 572 2120 hominum!
597 2074 617 2118 o
641 2064 791 2138 quantum
815 2067 863 2117 est
887 2054 918 2117 iu
940 2056 1038 2120 rebus
1060 2056 1170 2122 inane!

181 2207 196 2236 ι»
206 2160 286 2242 Quis
309 2161 396 2244 leget
417 2155 551 2220 haee?''
569 2187 607 2202 -
633 2157 706 2220 Min
729 2167 764 2220 tu
784 2155 877 2237 istud·
892 2157 962 2220 ais?
984 2160 1088 2224 Nemo
1104 2161 1248 2227 hercule.
1265 2197 1311 2213 -

1031 2263 1212 2337 „Nemoi”

249 2419 326 2464 Abest
343 2419 464 2476 Prologus
484 2418 544 2462 sV.
583 2415 608 2462 2.
628 2415 744 2462 Parnaso
762 2417 843 2463 Tuta.
864 2413 889 2462 3.
909 2417 941 2462 llt
960 2432 1021 2470 uos,
1046 2417 1076 2462 E.
1096 2420 1200 2464 memini
1225 2434 1264 2465 me
1281 2428 1310 2468 ut

179 2495 281 2548 repente
299 2490 338 2533 sie
364 2488 445 2532 Tsm.
460 2486 564 2531 memini
590 2501 629 2531 me
654 2492 681 2531 ut
697 2488 736 2530 sir
765 2492 867 2545 repente
891 2487 942 2532 EA.
1004 2485 1028 2532 1.
1048 2486 1079 2531 Ut
1096 2502 1155 2543 uos,
1174 2489 1205 2536 E.
1226 2492 1307 2538 Codd.

179 2560 260 2605 Paris.
280 2559 388 2603 Wimar.
416 2554 628 2616 Elisoniedaspue
647 2557 678 2600 Τ.
705 2555 911 2615 Elieom'adisque
929 2557 959 2601 u.
979 2555 1189 2618 Aelieonidaspue
1207 2559 1238 2604 A.
1258 2559 1308 2606 Ae-

179 2627 323 2674 lisoniadus
342 2633 366 2672 et
379 2625 506 2686 pallidam
520 2642 548 2686 p.
570 2627 622 2672 SM.
643 2626 680 2671 lb.
695 2627 811 2684 pirenem
830 2625 905 2670 llSM.
921 2640 1048 2686 pyrenem
1068 2627 1099 2673 A.
1151 2624 1176 2673 5.
1196 2628 1228 2673 ut
1245 2644 1307 2693 nos,

179 2698 211 2744 Α.
237 2699 351 2758 relinquo
369 2696 489 2742 Tuusrn.
546 2693 570 2741 6.
596 2696 651 2754 ipse
680 2709 728 2756 ego
745 2697 836 2752 semip.
856 2695 886 2743 E.
941 2694 964 2742 7.
984 2700 1070 2741 nutum
1089 2697 1120 2741 Τ.
1137 2710 1242 2742 carmen
1258 2697 1308 2745 hoe

180 2766 225 2831 aff.
251 2771 281 2813 A.
311 2765 389 2830 offero
411 2767 441 2811 F.
497 2763 522 2810 8.
547 2763 621 2809 cluere
639 2765 781 2810 tussam.
818 2764 880 2809 Post
897 2779 921 2813 v.
940 2763 965 2810 8.
983 2766 1012 2810 Α.
1032 2767 1118 2810 inserit
1135 2763 1225 2813 Corsos
1247 2769 1307 2828 quis

180 2839 241 2883 olim
253 2851 327 2882 suum
346 2849 482 2882 eone-arum
497 2833 633 2880 salutare?
651 2835 723 2891 (Cnd.
738 2836 819 2880 Brem.
838 2840 862 2880 et
883 2835 993 2890 Fontius,
1013 2835 1094 2880 Persii
1104 2836 1182 2880 editos
1192 2833 1306 2893 (1481),),

180 2922 227 2953 uon
242 2908 349 2962 eminus,
383 2911 409 2950 ut
432 2909 499 2949 ratus
518 2909 555 2949 est
574 2904 712 2950 Weberus:
742 2901 833 2949 Corsos
848 2904 905 2964 quis
920 2905 980 2950 olim
1002 2917 1137 2950 consanum
1154 2906 1306 2964 salutarel)

181 2976 206 3024 9.
226 2978 259 3021 Ut
276 2990 337 3030 uos,
357 2975 499 3019 Tusssatu.
519 2972 594 3032 (uou:
620 2974 695 3019 rerba
713 2973 822 3028 nostra).
860 2973 910 3029 „Et
927 2972 1041 3018 blandiri
1055 2975 1169 3032 legitur.”
1188 2975 1304 3023 scttol..

181 3044 223 3093 10.
243 3045 388 3107 ingeniique
415 3043 556 3089 msam.
613 3041 655 3088 12.
683 3040 810 3104 refulgeat
832 3043 881 3088 Es.
938 3040 979 3088 13.
1000 3041 1134 3102 pod'tridas
1160 3044 1310 3091 TRESAM.

181 3113 224 3161 tt.
249 3128 389 3175 pegaseum
418 3114 497 3158 melos
519 3113 617 3158 ESAM.
642 3126 829 3173 pegaseumque
847 3114 926 3158 melos
943 3113 973 3158 u.
989 3119 1208 3174 pegaseumtune
1225 3116 1307 3162 melos

180 3186 212 3229 Τ.
231 3186 293 3230 Vos.
311 3197 450 3244 pegaseum
462 3196 584 3239 superser.
604 3184 629 3228 iu
646 3184 677 3228 Τ.
687 3197 752 3240 per,
772 3197 825 3229 nutu
840 3183 874 3242 gl.
889 3180 960 3228 ualde
974 3197 1126 3244 pegaseum.
1169 3183 1223 3229 Cir.
1244 3185 1307 3230 Seu·

182 3259 230 3300 ten.
251 3256 280 3299 ad
299 3253 472 3298 Terentianum
491 3267 515 3308 p.
536 3251 562 3298 2.
1104 3275 1107 3282 ·

251 3323 369 3368 saulus
388 3323 408 3368 l.
448 3319 757 3382 summasunmna.
774 3321 844 3377 Τὼ,
865 3322 999 3368 utrolebat
1014 3322 1125 3367 Schuetz.
1161 3321 1240 3366 Primi
1253 3327 1306 3367 tres

180 3407 219 3441 vs.
239 3395 304 3439 varie
323 3393 533 3451 iuterpuuguutur.
570 3391 621 3436 Nos
634 3392 709 3437 seruti
722 3405 804 3436 sumus
819 3391 963 3437 1².-c0u.
979 3392 1040 3436 Tur.
1053 3396 1078 3437 et
1089 3390 1156 3440 lleiz.
1177 3392 1228 3436 sie:
1249 3393 1311 3436 Mo·¹

180 3465 254 3510 nitor.
275 3461 338 3526 (luis
356 3489 366 3500 ·
387 3459 469 3507 haee?
492 3461 603 3507 Persius.
622 3459 680 3506 Min
697 3486 712 3500 -
730 3459 790 3505 ais?
808 3461 845 3507 M.
865 3459 944 3508 Nemo
967 3459 1078 3507 luerem.
1097 3461 1127 3506 Ρ.
1146 3458 1247 3507 Nemo?
1265 3460 1306 3510 Μ.

181 3532 227 3579 Vel
244 3560 255 3572 ·
272 3532 428 3578 miserabile.
447 3530 478 3576 Ρ.
499 3529 600 3593 Quare?

249 3673 507 3723 tumultuarent.
546 3672 571 3723 2.
590 3672 675 3735 Neque
697 3688 720 3720 r.
739 3673 855 3720 Parnaso
872 3675 916 3720 rr.
972 3671 997 3719 3.
1017 3673 1121 3718 memini
1146 3687 1200 3729 me,
1228 3679 1256 3719 ut
1272 3674 1303 3719 Ρ.

181 3743 206 3792 l.
235 3743 464 3806 Heliconiudaspue
491 3743 578 3790 wew.
642 3741 667 3790 5.
696 3744 810 3804 relinquo
839 3745 885 3801 pP.
948 3742 972 3788 9.
1002 3742 1077 3789 rerba
1108 3748 1197 3788 nostra
1223 3744 1303 3788 rwW.

183 3813 226 3860 11.
246 3817 325 3862 melos
342 3817 373 3862 Ρ.

233 3956 377 4005 GLOSSAE
394 3957 544 4005 VETERES
562 3958 595 4004 tu
614 3957 757 4005 reustum
774 3957 822 4002 EX
843 3957 944 4003 ustzu
962 3955 1169 4004 uecuustous
1188 3955 1258 4002 CUM

537 4028 726 4074 VARIETATE
744 4025 943 4073 ΡΙΤΗΟΕΔΝΑ.

675 4110 809 4143 rnouoors.

251 4172 275 4219 9.
296 4164 399 4227 Conari]
412 4167 444 4212 Et
461 4167 574 4214 blandiri
588 4169 685 4228 legitur.
723 4164 764 4213 tt.
775 4164 927 4225 Pegaseium
938 4163 1029 4226 melos]
1048 4166 1074 4211 ln
1090 4166 1145 4211 aliis
1158 4170 1195 4211 est
1206 4170 1306 4210 nectar.

251 4238 370 4288 saulus
383 4239 403 4283 1.
442 4235 466 4283 1.
481 4237 607 4300 Quantum
617 4239 692 4284 estin
701 4237 777 4282 rebus
787 4231 873 4293 inane]
886 4236 1006 4282 Graecum
1019 4241 1056 4281 est
1067 4227 1144 4286 ὅσον
1156 4231 1191 4285 τὸ
1205 4230 1303 4286 κενόν.

181 4312 206 4360 2.
226 4310 291 4376 Quis
308 4311 376 4371 leget
393 4304 466 4366 lesse]
485 4309 554 4354 llune
571 4321 667 4354 versum
685 4309 714 4354 ds
732 4306 819 4353 Lucilii
839 4305 918 4361 primo
936 4306 1067 4352 transtulit.
