2782 4762
127 178 167 242 72

130 334 369 402 contrahitur?
391 334 471 422 quoi
491 356 556 400 nou
575 324 751 418 correpunt
773 335 914 397 membra
935 353 1079 415 pavore,

128 438 285 504 Fulminis
307 437 458 503 horribili
476 459 575 523 quom
595 436 692 522 plaga
712 435 838 501 torrida
858 435 952 500 tellus

129 533 318 608 Contremit'
335 552 366 605 et
388 562 537 626 magnum
560 551 753 623 percurrunt
775 560 937 602 murmura
957 536 1102 602 caelum?
1166 535 1249 599 1220

128 648 205 710 Non
225 643 357 728 populei
378 656 551 730 gentesque
571 642 732 706 tremunt?
754 664 912 728 regesque
935 637 1086 724 superbei

129 746 322 830 Corripiunt
343 746 453 810 divbm
474 745 634 829 perculsei
656 749 799 810 membra
817 744 951 820 timore,

126 853 178 914 Ne
201 853 290 935 quod
313 852 356 914 ob
377 849 544 912 admissum
569 849 665 913 foede
690 847 850 911 dictumve
870 849 1009 930 superbe

129 956 313 1018 Poenarum
338 973 439 1035 grave
461 951 502 1014 sit
523 950 673 1015 solvundi
691 963 815 1033 tempus
836 950 1006 1014 adactum?

194 1056 322 1118 Summa
342 1053 436 1118 etiam
460 1076 559 1139 quom
585 1052 635 1116 vis
658 1051 793 1117 violenti
813 1076 873 1136 per
896 1074 982 1116 mare
1006 1048 1093 1116 venti
1168 1049 1251 1113 1225

130 1160 397 1240 Iuduperatorem
416 1155 526 1220 classis
544 1178 640 1238 super
662 1177 803 1241 aequora
826 1155 927 1220 verrit

131 1260 214 1326 Cum
239 1259 352 1323 validis
375 1258 497 1342 pariter
517 1259 701 1343 legionibus
723 1270 818 1343 atque
839 1255 1031 1341 elephantis,

130 1364 208 1428 Non
232 1361 474 1445 divdm'pacem
498 1362 583 1427 votis
605 1360 670 1424 adit
696 1383 733 1425 ac
755 1383 853 1444 prece
876 1360 1000 1447 quaesit

132 1469 314 1530 Ventorum
333 1464 468 1548 pavidus
490 1486 586 1548 paces
609 1463 791 1550 animasque
813 1465 989 1529 secundas?

134 1567 379 1653 Nequidquam:
409 1566 563 1653 quoniam
585 1567 730 1632 violento
752 1567 881 1631 turbiue
903 1588 997 1651 saepe
1173 1565 1255 1630 1230

133 1669 317 1753 Correptus
338 1669 440 1734 nihilo
463 1670 568 1733 fertur
587 1668 689 1732 miuus
712 1673 752 1733 ad
773 1673 854 1733 vada
876 1669 946 1734 leti.

109 1777 114 1786 '
133 1775 242 1858 Usque
266 1775 346 1836 adeo
369 1794 421 1835 res
444 1774 597 1835 humanas
621 1772 670 1835 vis
692 1772 800 1835 abdita
821 1776 974 1859 quaedam

136 1874 268 1939 Obterit
288 1885 319 1938 et
339 1875 472 1958 pulcros
494 1874 611 1939 fasceis
632 1896 807 1961 saevasque
828 1875 970 1939 secureis

134 1978 335 2042 Proculcare
359 1999 396 2041 ac
418 1977 560 2042 ludibrio
583 1976 645 2041 sibi
666 1980 786 2042 habere
808 1977 948 2043 videtur.

197 2077 362 2163 Denique,
385 2081 444 2141 sub
465 2078 601 2161 pedibus
623 2080 715 2143 tellus
738 2102 836 2166 quom
856 2092 926 2145 tota
950 2080 1081 2144 vacillat
1173 2081 1255 2145 1235

134 2180 384 2266 concussaeque
405 2185 522 2244 cadunt
543 2184 639 2246 urbes
662 2183 841 2268 dubiaeque
863 2183 1042 2247 minantur:

135 2285 222 2366 Quid
244 2283 374 2360 mirum,
398 2284 426 2347 si
445 2306 478 2347 so
500 2295 642 2348 temnunt
660 2285 807 2349 mortalia
830 2285 915 2349 secla

134 2391 243 2472 Atque
266 2397 442 2470 potestates
464 2408 594 2471 magnas
613 2387 774 2473 mirasque
793 2387 976 2473 relinquunt

136 2491 174 2553 In
198 2493 293 2553 rebus
315 2489 412 2553 vireis
432 2489 564 2566 divbm,
587 2512 670 2574 quae
694 2502 807 2554 cuncta
829 2492 1031 2577 gubernent?

180 2594 277 2673 Quod
290 2604 444 2674 superest,
456 2604 610 2677 aesatque
620 2615 729 2656 aurum
738 2595 924 2680 ferrumque
932 2605 1127 2678 repertumst
1171 2595 1257 2657 1210

137 2697 182 2758 Et
199 2694 291 2757 simul
313 2694 440 2780 argenti
460 2699 587 2778 pondus
608 2695 796 2781 plumbique
815 2709 978 2780 potestas,

137 2797 229 2882 Ignis
251 2798 306 2861 ubi
328 2798 485 2884 ingenteis
508 2798 606 2862 silvas
629 2802 748 2863 ardore
772 2812 930 2863 cremarat

139 2901 312 2964 Montibus
331 2900 363 2964 in
385 2900 509 2986 magnis
531 2923 586 2964 seu
607 2900 686 2965 caeli
703 2901 836 2966 fulmine
857 2902 973 2981 misso,

139 3003 214 3067 Sive
238 3006 326 3088 quod
348 3003 431 3066 inter
450 3026 483 3067 se
500 3005 618 3067 bellum
642 3004 790 3069 silvestre
813 3018 960 3091 gerentes

148 3258 151 3264 .
212 3222 287 3268 1222.
314 3225 428 3281 perculsi
452 3226 527 3269 Codd.
549 3222 574 3270 5.
592 3229 621 3271 Α.
643 3227 670 3271 1..
694 3230 722 3272 11.
753 3253 784 3263 -
809 3229 929 3285 per-ensal
949 3229 978 3273 C.
999 3229 1030 3275 E.
1052 3231 1113 3275 Edd.
1134 3236 1191 3276 vett.
1213 3235 1256 3277 llv.

141 3292 216 3338 1221.
237 3295 331 3347 „Plura
344 3297 451 3349 exempla
462 3327 469 3350 ‚
490 3296 529 3339 ubi
549 3299 665 3354 gerundia
682 3299 705 3342 in
719 3298 750 3352 <dt
767 3299 900 3357 genitivum
918 3301 981 3354 plur.
1001 3313 1046 3356 pro
1064 3303 1198 3345 accusativo
1217 3305 1259 3346 ad-

139 3365 236 3408 mittunt
248 3366 347 3409 collecta
360 3365 441 3409 videas
454 3379 468 3408 a
479 3366 592 3411 Ruddim.
608 3367 670 3412 lust.
681 3366 728 3413 Gr.
744 3366 768 3413 2.
783 3365 893 3424 p.2t5.”
910 3369 986 3415 Forb.
1025 3372 1060 3415 lb.
1074 3369 1202 3430 adactum]
1221 3374 1261 3417 ste

138 3435 315 3479 e.E.nv.-n.
336 3435 483 3489 Simpliciter
499 3438 608 3492 explica:
631 3439 743 3492 „taudem
764 3440 911 3486 advenerit.''
936 3463 967 3474 -
988 3439 1023 3485 ud
1040 3446 1123 3485 ortum
1137 3442 1206 3486 Briu‘.
1233 3465 1259 3477 ··

138 3503 272 3548 adauctum
288 3505 348 3552 Cdd.
368 3507 425 3562 aliq.
453 3525 485 3538 -
511 3504 545 3550 od
560 3513 662 3552 ructum
684 3506 936 3564 0111111111,
963 3511 1003 3568 qui
1026 3511 1146 3566 explicare
1167 3515 1257 3558 tentat:

138 3576 188 3629 „ad
214 3576 308 3629 plenam
326 3577 488 3619 raraturitatem
507 3589 575 3620 suam
593 3578 766 3632 perductum”:
797 3584 958 3624 verumtamen
983 3580 1105 3624 Latinitati
1126 3588 1258 3640 repugnat,

139 3651 177 3690 ut:
197 3643 243 3688 lroc
263 3645 299 3689 vel
316 3643 381 3688 illud
397 3650 437 3688 est
453 3643 488 3688 nd
505 3652 606 3690 noctram
630 3652 672 3691 aut
695 3649 791 3691 omnino
816 3649 862 3695 diei
887 3654 957 3706 queat
975 3655 1016 3694 111
1032 3650 1103 3693 illum
1120 3651 1144 3694 in
1162 3654 1260 3695 modum

139 3715 265 3770 explicari.
304 3715 334 3757 Ut
352 3715 415 3758 enim
432 3716 518 3771 aliquis
537 3716 570 3759 ita
589 3718 682 3761 locutus
701 3723 765 3762 esset
783 3715 856 3775 (quod
875 3720 971 3763 minime
990 3719 1084 3774 credo),
1104 3721 1149 3765 hoc
1167 3720 1261 3780 signifi-

139 3790 235 3829 caturus
248 3785 350 3829 fuisset:
371 3785 434 3837 „boc
453 3785 525 3839 lacit,
546 3787 611 3830 iuvat
628 3788 657 3830 ad
676 3792 786 3842 auctum,
806 3789 965 3846 augendum.’'
1004 3785 1079 3834 1225.
1101 3803 1200 3834 stimmo
1214 3791 1260 3837 Cd.

139 3867 206 3899 meus
217 3855 245 3898 C.
258 3855 347 3901 11.-Η.
360 3855 434 3902 Forb.
449 3860 473 3898 ut
488 3853 517 3909 6,
533 3854 574 3900 71.
595 3870 694 3901 autumn
706 3854 779 3901 dedm
792 3858 839 3905 rie.
867 3859 914 3904 Vix
933 3859 997 3904 enim
1015 3860 1080 3917 iungi
1101 3861 1133 3904 ita
1153 3863 1259 3916 poterit:

139 3937 216 3980 super
235 3937 344 3982 aequora
362 3937 470 3968 rurnmn.
500 3924 601 3970 Summe
620 3926 650 3970 Ε.
670 3929 730 3972 Ver.
748 3929 810 3972 Ven.
831 3929 891 3984 11.,
911 3935 936 3973 11
952 3935 1120 3976 construatur:
1141 3932 1178 3975 oie
1197 3932 1263 3976 oento'

140 4006 236 4038 errrnme
255 3993 430 4052 (summopere)
449 3995 561 4040 violenti.
591 3996 623 4040 At
642 3992 681 4040 ubi
695 3990 844 4052 compararis
857 3995 886 4053 l,
902 3997 960 4044 255.
981 4012 1076 4043 summe
1095 4002 1186 4055 celeri,
1207 4016 1263 4057 per·

140 4063 229 4118 spicios
248 4077 346 4108 necesse
365 4070 402 4109 est
420 4066 459 4109 vix
473 4066 550 4109 tribus
563 4067 644 4110 verbis
657 4080 680 4111 v.
697 4068 1128 4124 111111111111111111111111111
1144 4073 1261 4125 potuisse.

142 4129 218 4177 1236.
245 4132 363 4177 dnbioeoe
386 4135 466 4180 111111.
523 4133 599 4181 1213.
631 4151 677 4180 ceu
697 4137 789 4181 Eichst.
810 4139 893 4193 solus;
916 4140 957 4184 sed
976 4138 1021 4186 cfr.
1045 4153 1068 4185 v.
1092 4139 1168 4187 1091.
1192 4155 1261 4200 seqq.

142 4200 218 4250 1245.
239 4203 355 4263 ignesC.
395 4203 470 4250 1257.
491 4205 527 4251 lta
538 4206 609 4254 (1.11.
624 4207 811 4252 1311111111.
825 4208 855 4255 Α.
870 4209 906 4264 ,,1.
921 4222 944 4253 e.
958 4222 1030 4265 super
1044 4213 1195 4257 terras.”W.
1218 4212 1264 4257 Est

139 4274 234 4329 potius:
255 4275 371 4319 adversus
385 4279 478 4332 terras,
499 4279 571 4322 terris
584 4278 649 4322 iuxta
661 4279 757 4323 metalla
771 4278 867 4334 positis.
888 4279 915 4324 in
927 4279 1004 4325 torris
1016 4280 1046 4326 L.
1060 4281 1091 4326 ll.
1130 4279 1207 4327 1261.
1215 4278 1263 4343 so·
