2782 4762
127 209 145 270 6

126 365 265 429 strictim
289 364 447 450 attingere
469 364 602 446 poterit.
647 367 686 428 In
720 365 851 429 alteram
883 362 1090 446 appendicem
1122 361 1247 426 conieci

124 470 219 534 locos
250 471 408 554 quosdam
448 467 629 532 luculentos
669 467 846 542 Lucani,
886 465 983 529 Silii
1019 465 1178 541 Italici,
1217 476 1248 528 et

127 571 370 647 Claudiani,
406 570 438 632 in
468 571 583 657 quibus
611 569 809 653 explicandis
838 573 1006 634 commode
1033 567 1248 651 disputabitur

129 679 166 738 de
188 674 284 757 poe'si
306 674 478 749 historica,
512 678 550 737 dc
574 676 707 738 oraculo
732 672 912 755 Delphico,
947 675 985 735 de
1009 693 1085 735 vcra
1109 670 1248 735 Cartha-

128 777 317 862 giniensium
339 776 516 862 religione,
555 780 594 839 ab
618 799 671 854 ea,
709 800 802 863 quam
837 776 933 840 Silius
967 775 1079 840 iisdem
1115 774 1247 850 tribuit,

125 903 261 964 prorsus
284 880 425 943 diversa.

189 976 355 1047 Valerii
378 993 480 1046 autem
504 983 665 1060 Flacci,
688 989 806 1067 poe‘tae
822 984 940 1070 ubique
958 983 1028 1046 fere
1046 982 1096 1045 sui
1118 980 1247 1056 similis,

124 1087 160 1148 id
177 1098 242 1162 est,
256 1085 401 1170 languidi
416 1099 447 1149 et
461 1086 625 1167 probabili
642 1092 775 1173 quadam
793 1087 1016 1151 mediocritate
1035 1084 1246 1165 contentius),

125 1189 232 1253 locum
253 1188 333 1252 Lib.
350 1191 453 1252 VIlI.
480 1211 511 1252 v.
537 1192 688 1255 1-190.
716 1213 781 1254 non
808 1203 871 1254 tam
900 1200 1040 1272 propter
1067 1185 1248 1273 argumenti

126 1292 352 1373 praestantiam
368 1303 421 1355 aut
436 1292 631 1376 singularem
649 1294 785 1379 aliquam
804 1304 998 1357 venustatem
1014 1291 1130 1375 selegi,
1154 1312 1249 1376 quam

127 1398 216 1480 quod
235 1417 330 1457 unum
352 1397 462 1459 saltem
487 1395 648 1478 specimen
672 1396 725 1460 hic
744 1408 871 1460 exstare
892 1396 1060 1470 volebam,
1084 1416 1149 1478 quo
1170 1397 1249 1457 ado·

125 1497 310 1561 lescentium
339 1496 494 1561 industria
531 1511 776 1564 converteretur
802 1503 842 1562 ad
867 1521 937 1562 eam
962 1497 1095 1561 criticae
1125 1508 1250 1580 partem

127 1605 343 1677 tractandam,
374 1601 427 1665 cui
460 1602 632 1665 subditicia
667 1626 684 1665 a
712 1601 798 1665 veris
832 1601 1016 1666 discernere
1043 1599 1249 1683 propositum

127 1714 186 1765 est.
232 1706 314 1766 Nam
338 1704 384 1767 uti
402 1727 504 1787 nuper
525 1705 756 1788 Aristophanis
776 1708 888 1768 Nubes
906 1703 1122 1788 posteriores,
1144 1702 1248 1767 invito
1284 1785 1288 1796 ι

126 1810 242 1887 poe'ta,
267 1811 391 1870 duobus
412 1808 559 1890 priorum
581 1809 748 1872 versiculis
765 1810 797 1889 [a
813 1807 976 1892 Reisigio]
1000 1818 1148 1872 oneratas
1166 1805 1249 1869 vidi-

127 1932 213 1984 mus,
249 1909 295 1972 ita
320 1911 481 1974 sexdecim
505 1934 522 1974 a
542 1911 735 1976 Weicherto
763 1914 810 1975 V.
835 1910 876 1976 C.
900 1910 998 1973 ditata
1020 1922 1092 1974 sunt
1122 1907 1250 1972 Valerii

126 2012 363 2095 Argonautica,
380 2037 477 2097 quum
489 2026 579 2077 antea
591 2014 638 2077 illi
647 2013 1109 2098 apudDiogenemLae'rtium,
1125 2011 1249 2076 hivero

127 2114 158 2175 in
175 2114 227 2177 Pii
246 2115 506 2179 adnotationibus
527 2115 745 2198 prostitissent
767 2115 878 2198 potius
900 2138 994 2201 quam
1018 2115 1227 2178 delituissent.

141 2430 143 2435 .
180 2393 208 2447 Γ)
227 2393 309 2448 'lnique
334 2397 357 2436 ct
381 2398 535 2448 praepostere
560 2407 597 2438 me
623 2397 650 2440 de
669 2395 768 2439 Valerio
788 2395 875 2439 Flacco
894 2395 1012 2439 iudicasse
1031 2395 1176 2438 asseveravit
1193 2394 1250 2438 Pal·
1275 2434 1278 2437 .

127 2464 209 2504 datarus
228 2462 341 2520 Propert.
356 2476 381 2517 p.
397 2461 472 2508 vsu:
499 2477 572 2517 „esse
591 2467 655 2508 enim
673 2465 734 2510 hunc
753 2478 838 2522 „‚,pro
856 2471 965 2521 tempore
984 2463 1079 2519 suo''’',
1105 2470 1130 2507 ut
1148 2477 1249 2509 consen·

128 2539 223 2575 laneum
242 2538 307 2587 crat,
329 2534 452 2590 egregium
472 2535 593 2588 po'e'ta1u.¹’
627 2534 805 2593 Pro.tempore
823 2549 882 2589 suo,
903 2549 949 2578 non
969 2548 1046 2592 nego:
1072 2536 1114 2578 sed
1133 2548 1198 2592 ego,
1220 2536 1248 2578 ud

128 2603 207 2645 omnia
236 2605 316 2646 secula
343 2609 412 2659 alque
440 2606 549 2648 nationes
574 2606 699 2650 Valerium
727 2619 855 2664 exegeram
883 2612 1026 2663 sentitusqne
1052 2619 1117 2649 eram
1142 2606 1250 2647 omnium

128 2673 250 2715 stationum
277 2678 347 2730 atque
374 2676 511 2717 seculorum
539 2673 659 2719 sincerum
679 2677 792 2719 iudicium
812 2680 949 2733 certumque
975 2689 1133 2726 consensum,
1155 2688 1183 2718 en
1202 2689 1249 2732 quo

127 2743 240 2785 Valerius
253 2743 352 2786 Flaccus
366 2757 395 2787 ex
414 2746 461 2787 illis
475 2748 592 2799 estunus,
607 2746 732 2802 dequibus
745 2747 868 2804 Horatius,
889 2745 1068 2799 mediocribus,
1089 2746 1173 2801 inquit,
1194 2759 1249 2788 esec

123 2811 207 2868 poetis
226 2827 275 2856 non
300 2811 427 2868 horniues,
460 2828 510 2858 non
528 2814 572 2868 dt,
601 2829 650 2858 non
669 2830 817 2860 concessere
835 2817 980 2870 columnae,
1010 2816 1115 2858 fortasse
1136 2829 1178 2858 uec
1197 2816 1248 2869 ipse

128 2884 241 2927 concedet
258 2885 402 2937 Paldmrus,
434 2884 474 2928 ubi
499 2887 638 2930 adolescens
656 2900 789 2944 generosus
808 2887 883 2945 magis
903 2887 974 2931 etiam
994 2887 1097 2930 imbutus
1117 2887 1163 2928 erit
1180 2891 1247 2938 arte,

127 2966 213 3008 sensu,
238 2967 350 2998 sermone
371 2954 511 3000 Latinorum
531 2959 664 3012 poetarum.
701 2955 749 3001 Ed.
764 2958 809 3002 ull.
