2782 4762
1185 163 1248 237 261

130 318 231 382 XIV.
261 313 460 380 Germanici
471 316 632 382 Caesaris
644 317 881 402 Epitaphium.
912 317 1062 397 (Authol.
1079 322 1122 384 L.
1139 322 1171 384 2.
1184 326 1200 385 7
1204 322 1251 402 i.)

117 427 256 503 -Parce,
281 429 419 510 hospes,
439 429 586 494 tumulo:
613 428 734 498 Caesar
756 430 967 495 Germanicus
989 431 1041 496 hic
1059 453 1149 510 sum;

195 533 298 613 Saepe
322 531 416 594 etiam
438 531 558 616 ignotis
579 531 647 615 ipse
670 531 918 618 dedicequiem.

131 633 229 713 Quod
251 634 277 696 si
299 656 391 717 qrrem
414 634 496 699 tituli
518 633 595 698 nihil
616 635 709 698 huius
731 636 834 720 gratia
856 636 975 719 tangit,

194 736 394 812 Admoneat,
417 737 520 819 patria
542 737 655 800 fraude
678 740 766 822 quod
786 737 848 801 hic.
859 736 962 804 iaceo.

134 834 196 900 Sed
220 838 331 913 iaceo,
355 839 499 922 qrramvis
521 861 585 905 non
609 839 716 920 vitae,
741 851 774 903 at
796 841 908 922 plenus
929 842 1080 919 honoris;
1231 846 1250 907 5

197 943 274 1004 Hoc
297 963 360 1004 rano
382 940 545 1026 ingratus,
569 945 657 1026 quod
678 944 790 1026 genui,
813 944 949 1026 patriae.

135 1045 264 1105 Testata
288 1056 336 1107 est
359 1066 466 1107 ruores
487 1045 628 1110 lacrimis
650 1047 825 1129 plebesque
847 1059 1038 1133 patresque:

196 1148 286 1209 Haec
307 1159 380 1209 sunt
401 1147 516 1210 sinceri
539 1147 653 1212 iudicia
675 1148 807 1235 ingenii.

170 1329 252 1391 XV.
296 1326 483 1391 Atimetus.
506 1327 691 1410 Pamphili.
718 1328 776 1393 Ti.
800 1329 974 1394 Caesaris.
998 1332 1086 1415 Aug.
1108 1333 1150 1394 L.
1174 1334 1214 1394 L.

468 1513 475 1524 ι
561 1431 824 1499 Anterotiauus.
952 1432 957 1437 ’
1041 1439 1043 1442 ’

642 1561 701 1625 ibt.
723 1573 769 1626 et.

209 1665 261 1730 CI·
299 1669 533 1730 HOmonoede'·
571 1565 800 1730 Coilibertae.
838 1679 883 1729 et.
922 1662 1176 1731 Contubernali.

351 1840 353 1844 .
432 1768 581 1844 (anthol.
603 1768 647 1830 L.
673 1770 704 1830 lt.
731 1768 957 1846 tat-ttoxt)

560 1890 591 1951 1.
614 1880 829 1954 Homouoea.

134 1995 185 2054 Tu
209 1993 262 2074 qui
284 1986 400 2056 scodra
423 1991 572 2073 procidis
597 2002 719 2067 ruente,
741 2013 915 2074 parumper

198 2095 279 2157 Siste
302 2098 453 2179 gradum,
478 2115 617 2177 quaeso,
642 2095 805 2178 verbaque
826 2095 1041 2177 paucayiege:

133 2198 191 2259 llta
218 2219 298 2279 ego,
323 2218 404 2280 quae
426 2197 521 2258 elaris
543 2197 666 2260 ineram
688 2197 829 2278 praelata
853 2195 984 2279 puellis,

196 2302 271 2362 Hoc
293 2299 485 2362 Homonoea
507 2298 599 2361 brevi
620 2299 747 2363 condita
770 2322 838 2364 sum
862 2300 996 2363 tumulo.

133 2402 195 2465 Cui
218 2403 353 2465 formam
378 2402 520 2485 Paphid,
547 2400 697 2468 Charites
720 2402 862 2466 tribuere
885 2400 1053 2480 decdrem,
1234 2409 1252 2468 5

197 2506 299 2583 Qunam
323 2505 430 2567 Pallas
456 2504 577 2568 cunctis
599 2505 719 2568 artibus
742 2504 871 2569 erudiit.

133 2609 282 2669 Nondum
305 2605 355 2668 bis
378 2608 479 2669 denos
501 2609 590 2669 aetas
613 2628 681 2669 mea
704 2607 827 2670 viderat
850 2602 968 2685 anneis,

196 2709 340 2771 Inieccre
363 2730 472 2771 manus
494 2708 599 2772 invida
621 2703 689 2771 stra
712 2708 799 2772 mihi.
908 2744 915 2753 ·

133 2812 202 2873 Nec
225 2832 287 2891 pro
311 2834 359 2874 me
382 2832 504 2894 queror
527 2813 606 2884 hoc,
631 2821 734 2873 morte
757 2822 805 2872 est
829 2809 903 2873 mihi
925 2811 1049 2876 tristior
1072 2812 1139 2893 ipsa

197 2913 335 2978 Maeror
356 2911 491 2979 Atimiti
514 2913 660 2996 coniugis
684 2911 738 2975 itte
760 2912 833 2976 mei.
1214 2917 1253 2975 to

480 3049 482 3053 ’
566 3051 599 3114 2.
626 3052 818 3138 'Atimetum

133 3165 167 3227 Si
189 3157 325 3243 pensare
347 3165 466 3228 animas
489 3165 628 3227 sinerent
650 3157 791 3227 crtdetia
814 3165 879 3228 sata
933 3192 941 3205 ÷

196 3269 238 3329 Et
260 3280 371 3349 posset
393 3267 505 3330 redimi
529 3278 631 3354 morte
654 3266 753 3329 aliena
776 3267 879 3343 salus,

131 3370 418 3454 Quiantutacunque
441 3392 527 3432 meae
551 3372 704 3433 debentur
725 3381 870 3451 tempora
893 3369 995 3446 vitas,

194 3468 368 3536 Pensirem
391 3493 453 3553 pro
476 3484 526 3549 te,
552 3494 624 3536 cara
646 3462 863 3546 Homonoea,
888 3471 1007 3534 iibens:

129 3576 176 3638 At
201 3597 297 3649 urrnc,
323 3579 410 3657 quod
432 3598 582 3657 possum,
604 3573 726 3658 fugiam
749 3570 919 3657 lucemque
941 3576 1100 3657 deosque,
1212 3577 1251 3638 15

194 3680 239 3740 Ut
261 3690 290 3740 te
314 3687 434 3739 matura
458 3699 514 3760 per
537 3679 638 3759 Styga
661 3687 764 3740 morte
787 3696 916 3759 sequar.

200 3873 222 3930 i)
242 3877 310 3931 „Titi
336 3875 434 3935 „(im1uo
457 3873 680 3933 'tibe1·ii)”cctue
708 3877 784 3921 incisa
803 3880 839 3920 est
856 3874 1001 3931 inscriptio,
1033 3888 1104 3932 qaam
1124 3876 1148 3919 iu
1168 3875 1255 3920 librum

131 3959 199 3988 suum
219 3944 248 3989 cie
267 3953 384 3990 accentus
402 3952 427 3990 ct
443 3946 591 4004 quantitatis
608 3945 758 3990 discrimine
777 3944 929 3999 transcripsit
946 3945 1034 3989 Foster
1052 3958 1076 4000 p.
1099 3942 1160 3988 211.
1180 3960 1255 3990 novae

129 4017 167 4059 ed.
190 4015 266 4059 Loud.
286 4030 309 4062 a.
333 4011 425 4064 tato:
446 4017 469 4059 iu
488 4029 534 4072 qua
552 4030 624 4074 qurum
640 4017 707 4060 rrrotti
726 4016 805 4070 apices
823 4015 988 4069 inveniantur,
1009 4027 1061 4058 cam
1083 4015 1127 4058 bric
1142 4018 1256 4060 transcri-

130 4085 231 4129 bendam
250 4086 357 4129 cu·rari.”
386 4086 414 4128 F.
435 4085 512 4128 Ritter
530 4086 609 4130 Etem.
628 4090 755 4145 grammat.
776 4084 830 4128 Lat.
852 4083 908 4128 iibri
927 4086 983 4139 duo,
1003 4084 1112 4129 Berotini
1134 4082 1210 4130 1831.
1231 4099 1255 4140 p.

131 4153 172 4200 79.
193 4157 296 4210 Vulpius
314 4157 343 4199 ad
362 4153 450 4198 Catutti
469 4150 520 4208 st,
550 4152 575 4200 5.
595 4167 619 4210 p.
641 4151 701 4202 stt.
726 4167 811 4200 recens
829 4166 883 4198 esse
903 4153 1009 4210 putabat.
1031 4178 1063 4189 -
1104 4151 1145 4199 11.
1162 4167 1255 4213 pensa·

128 4223 193 4284 rem]
212 4226 299 4270 Ritter.
318 4244 352 4260 -
366 4235 517 4283 pertractem
534 4225 620 4270 Bursa.
