2782 4762
140 336 321 403 Credamus
343 330 483 409 tunicae,
507 308 546 396 de
528 283 709 397 laiicibtrs
732 352 829 395 aurea
849 350 947 416 qinom
963 352 999 401 ee

138 404 300 522 Prirrigat
312 449 343 500 et
365 437 465 551 longo
484 434 622 499 iactetur
642 433 729 517 spira
752 435 883 521 galero

139 540 266 625 Ergo
258 538 460 624 ignominiam
483 534 668 623 graviorem
691 537 822 620 pertulit
844 526 930 601 ouini

139 644 286 708 Volnere
308 663 378 704 cum
403 641 553 703 Graccho
576 637 680 701 iussus
703 660 846 721 pugnare
868 649 1011 703 secutor.

181 745 301 808 Libera
324 743 350 806 si
373 746 487 806 dentur
508 740 632 824 populo
651 740 830 825 'srrffragia,
856 740 925 825 quis
948 752 1010 803 tam

140 847 310 922 Perditus,
336 858 371 909 ut
392 844 513 909 dubitet
536 845 689 906 Senecam
711 843 878 925 praeferre
901 841 1048 908 Neroni?

138 950 241 1023 Cuim
263 947 422 1032 supplicio
447 968 510 1009 non
527 945 642 1008 debuit
665 967 725 1008 rina
747 943 857 1028 parari
878 952 973 1028 *mr-<l
960 950 1006 1012 Ψ

139 1024 235 1116 Simia
258 1072 316 1114 nec
336 1070 468 1132 serpens
491 1069 570 1111 troius
592 1068 651 1111 nec
674 1047 782 1111 culeus
804 1069 898 1111 tinen.
1066 1111 1069 1118 ,

138 1156 206 1218 Par
227 1151 520 1266 Agamemnonidae
542 1147 685 1223 crimen,
709 1151 765 1211 sed
787 1171 881 1212 causa
902 1149 980 1213 lacit
1001 1171 1068 1215 rem

138 1255 354 1320 Dissimilem:
378 1253 497 1339 quiippe
519 1252 572 1316 ille
595 1250 661 1313 deis
684 1252 868 1316 auctoribus
891 1252 977 1315 ultor

138 1357 246 1422 Patris
269 1369 336 1420 erat
358 1356 443 1459 caesi
466 1354 567 1417 media
588 1353 671 1416 intcr
694 1355 834 1435 pocrrla3
857 1357 913 1416 sed
933 1375 993 1419 nee

139 1461 288 1524 Electrae
311 1428 422 1542 uigili
444 1479 478 1519 se
500 1454 616 1538 polluit
638 1467 691 1518 aut
714 1455 864 1537 Spartani

139 1561 299 1646 Sanguine
322 1558 480 1643 coniugii,
504 1557 598 1620 nullis
620 1556 747 1621 aconita
770 1555 961 1640 propinquis

140 1663 293 1738 Miscuit3
317 1661 347 1725 in
370 1683 483 1725 scaeua
506 1681 667 1742 nunquam
689 1660 830 1722 cantavit
853 1660 1003 1737 Orestes3
1092 1654 1095 1665 ’

138 1765 260 1828 Troica
285 1787 347 1828 nou
371 1763 511 1846 scripsit.
557 1762 642 1843 Quid
665 1761 745 1823 enim
771 1760 947 1845 Verginius
970 1762 1069 1827 ermis

138 1867 258 1930 Debuit
281 1866 391 1929 ulcisci
412 1865 513 1948 tnagis
536 1876 589 1927 aut
612 1885 682 1925 cum
706 1862 842 1926 Vindice
865 1863 994 1926 Galba?

138 1969 224 2050 Quid
246 1971 337 2033 Nero
359 1979 421 2030 tam
444 1987 539 2031 eaeva
560 1968 725 2052 crudaque
748 1965 915 2046 tyrannide
936 1964 1036 2030 lecit?

136 2188 288 2234 aversatur.”
324 2187 400 2243 inepti
424 2187 515 2242 aliquid
532 2187 555 2231 in
573 2190 624 2230 tota
642 2186 685 2230 hac
703 2187 796 2232 ratione
817 2187 940 2242 reperisse
961 2188 1071 2232 ridentur
1088 2188 1125 2243 ii,
1145 2190 1185 2247 qni
1204 2203 1258 2234 cum

137 2261 182 2303 Cd.
202 2259 234 2303 G.
254 2259 327 2315 (quod
346 2257 408 2312 lino.
427 2261 522 2300 secutus
544 2255 592 2310 est)
610 2257 773 2311 scripserunt:
799 2255 968 2301 redderetur
985 2256 1090 2314 etodi13
1109 2271 1192 2304 verum
1216 2261 1257 2304 de·

136 2329 253 2372 ter-iorem
276 2328 347 2372 etimn
374 2326 577 2370 constructionem
597 2325 725 2382 iecerunt;
756 2327 820 2370 nulle
839 2327 903 2370 enim
920 2339 978 2370 vern
998 2328 1118 2382 oppositio
1142 2332 1179 2372 est
1194 2330 1257 2373 inter

136 2397 240 2441 damnat
256 2394 278 2454 )(
296 2394 343 2440 rod
359 2393 463 2439 damnat
479 2400 503 2439 et
520 2393 588 2440 odit:
607 2395 743 2453 cogitarunt
757 2395 878 2441 fortasse:
912 2397 973 2451 „sed
992 2411 1038 2441 non
1054 2398 1133 2441 solnm
1152 2399 1256 2453 namnet,

137 2481 222 2513 verum
239 2466 312 2511 etiem
331 2465 381 2509 odit
394 2465 417 2508 :”
434 2465 497 2521 qnod
520 2469 598 2508 tesnen
626 2465 704 2519 ipsum
723 2471 812 2510 rectem
837 2457 1061 2512 sententiam'haud
1080 2465 1161 2511 eflicit.
1207 2468 1258 2512 latu

136 2536 257 2581 Weberus
276 2535 427 2578 distinctione
445 2535 527 2579 iuvare
550 2534 638 2577 studuit
657 2537 771 2590 pottasn;
792 2535 835 2577 linc
852 2535 977 2579 videlicet:
996 2533 1110 2581 Damnat
1126 2536 1194 2580 euim
1213 2542 1257 2581 te-

135 2606 192 2659 ies,
210 2603 312 2649 dabitur
327 2609 350 2647 et
368 2601 471 2646 demunt
488 2608 512 2646 et
528 2600 581 2648 odit
590 2615 602 2655 ‚·
619 2634 632 2654 ,.
642 2603 742 2655 irridet,
763 2605 853 2660 iuquit,
873 2603 980 2649 nobilem
999 2605 1083 2658 illum,
1104 2606 1190 2662 quippe
1213 2606 1255 2663 qui

135 2690 182 2719 non
202 2677 279 2718 solnm
297 2673 484 2726 mirmillonem,
516 2677 651 2717 seculorem
667 2677 691 2716 et
709 2673 846 2727 'l'lrrecem,
871 2673 910 2729 qui
931 2674 1040 2717 melioris
1059 2676 1110 2728 ipso
1131 2676 1180 2719 sint
1199 2688 1257 2719 con·

135 2745 248 2797 ditionis,
280 2743 322 2786 een
342 2755 428 2786 eornm
447 2743 518 2786 etiem
541 2747 686 2784 srrnaturam
707 2742 837 2796 despiciat,
864 2756 909 2800 qua
935 2741 1010 2788 tectus
1029 2744 1078 2797 ipse
1100 2743 1257 2801 ignominiane

135 2814 240 2870 effugere
257 2813 343 2865 possit.
381 2809 459 2855 'reru
480 2812 552 2868 igitur
571 2815 626 2854 snut
645 2811 775 2870 mirmillo,
792 2815 905 2866 secutor,
926 2810 1035 2856 't'taren’'
1053 2831 1086 2846 -
1105 2814 1152 2856 Sed
1171 2816 1195 2857 et
1213 2814 1256 2858 dn·

136 2883 234 2925 tissima
264 2881 357 2924 ratione
387 2882 531 2925 divelluntur
549 2892 585 2923 vr.
606 2881 670 2924 tole-s
688 2877 787 2923 tentius
807 2894 849 2924 nee
871 2881 894 2924 in
912 2881 964 2934 ipsa
987 2880 1060 2925 Web.
1083 2881 1185 2926 lectione
1207 2883 1256 2926 uttt

136 2952 199 2994 inest
216 2954 282 2994 rectu
304 2949 433 3005 oppositio.
482 2949 532 2994 Nee
550 2953 628 2993 tamen
649 2949 790 2992 snbditieius
811 2954 849 2994 cst
865 2951 1015 3004 versiculus,
1047 2963 1093 3006 qno
1112 2953 1256 2995 commodis-

134 3021 196 3064 simo
220 3013 328 3064 remedio
348 3019 473 3063 minumus
493 3024 531 3066 eet
550 3018 612 3075 Rnp.
650 3019 709 3062 mint
726 3019 752 3062 in
769 3024 874 3064 ruentem
892 3020 1018 3076 aliqnando
1037 3020 1115 3065 veuit:
1143 3019 1258 3065 Damnat

133 3089 201 3132 enim
218 3085 421 3133 interlabitur:
448 3101 476 3133 se
496 3086 600 3132 dcerunt
617 3091 641 3130 et
657 3087 726 3141 odiu
751 3089 881 3134 contemnit
902 3089 965 3141 euim
988 3091 1047 3132 tates
1067 3087 1179 3145 hebius,
1211 3091 1255 3135 ho.

134 3160 254 3203 nesliores
273 3162 351 3221 tamen
368 3169 431 3202 suo:
451 3159 514 3214 quod
529 3171 600 3214 quum
618 3156 689 3211 iecit,
710 3158 763 3212 quid
783 3158 864 3213 aliud,
886 3171 984 3216 quaeso,
1003 3159 1072 3212 lecit,
1094 3172 1164 3218 quum
1184 3165 1208 3202 ut
1227 3173 1254 3204 ne

133 3240 228 3285 quoque
244 3227 322 3281 insum
352 3226 526 3282 iruprobiorem
544 3228 616 3271 etiam
637 3226 686 3271 illis
705 3227 800 3272 damnet
817 3231 886 3283 etque
905 3227 1041 3282 despiciat?
1065 3229 1116 3274 lloc
1143 3230 1257 3274 scilcet

132 3295 235 3350 odisee,
256 3293 325 3341 reiciet
341 3295 424 3341 leidsn
441 3295 557 3349 indumen,
577 3327 589 3349 „
600 3296 752 3352 detestar·i;”
770 3301 795 3340 ut
813 3309 895 3352 saepe·
932 3298 978 3342 Sed
994 3311 1064 3354 eumn
1087 3299 1145 3343 hacc
1160 3311 1255 3357 quoque

132 3368 195 3411 ratio
223 3365 328 3409 contorti
358 3366 439 3411 nescio
462 3367 517 3423 qnid
536 3364 635 3426 babeat,
659 3366 758 3410 exsistet
775 3367 895 3420 fortasse,
921 3367 961 3423 qui
982 3368 1086 3413 similem
1109 3371 1252 3413 versiculum

133 3436 228 3479 llorutii
246 3433 330 3491 Epiri.
354 3433 376 3489 l,
398 3431 422 3488 l,
442 3432 467 3479 2.
513 3432 640 3494 Prodigus
664 3439 687 3478 et
713 3434 806 3479 eluitur
830 3435 925 3490 donni,
956 3450 1018 3494 quoe
1046 3439 1145 3493 speruit
1161 3443 1185 3481 et
1202 3437 1255 3481 odit

132 3506 268 3549 alsecense
296 3504 405 3548 lurermle
426 3504 542 3557 scriptum
561 3505 701 3549 contendat:
728 3500 842 3551 Damnat
858 3505 925 3547 euim
942 3507 1008 3549 tales
1025 3502 1125 3550 debitur
1142 3511 1166 3549 et
1183 3518 1255 3563 sper·

130 3575 169 3618 uit
187 3579 212 3617 et
228 3572 299 3626 odtt;
326 3578 418 3617 rectum
443 3578 522 3616 nutem
551 3572 652 3618 uerbum
676 3573 775 3628 spernit
798 3574 821 3618 in
850 3574 893 3617 bec
921 3576 1110 3620 accumulatione
1133 3575 1253 3619 rhetorica

132 3645 215 3688 trescio
238 3656 284 3699 qno
306 3656 362 3685 casu
384 3642 551 3694 obliteratum,
580 3643 644 3686 inani
669 3643 811 3696 repetitione
833 3644 997 3697 praecedentis
1023 3644 1090 3688 verbi
1116 3643 1253 3688 decennale

132 3713 250 3770 inagistro
267 3712 347 3767 aliquo
366 3713 499 3766 suppletum
517 3724 581 3756 esse.
619 3711 661 3756 ilic
682 3724 776 3769 qunque
795 3711 900 3764 hebebit,
923 3725 969 3769 quo
988 3727 1014 3758 ee
1032 3713 1141 3757 detentet
1159 3713 1182 3756 in
1204 3714 1254 3757 sol-

131 3783 208 3824 uendo
228 3781 272 3825 boc
289 3783 351 3824 uodo
371 3785 476 3824 noudum
496 3781 554 3824 satis
577 3782 704 3826 extricato.
751 3777 810 3825 204.
831 3780 929 3825 vibratu
947 3781 1107 3827 ABCDEEG.
1127 3783 1174 3826 Sed
1197 3783 1255 3827 dex-

131 3854 183 3894 tera
203 3855 279 3904 potest
297 3849 407 3903 libror-i,
437 3849 534 3893 vibrari
552 3863 598 3894 non
612 3855 700 3904 potest.
742 3845 802 3894 207.
821 3850 889 3905 „lies
908 3852 959 3905 ipse
979 3853 999 3896 si
1019 3851 1166 3896 incredibilis
1187 3852 1253 3897 ride·

131 3925 186 3971 tur,
206 3932 236 3963 ex
254 3919 331 3962 tunica
353 3923 430 3962 taumu
450 3918 537 3963 Saliari
556 3921 637 3968 aureis
655 3920 786 3976 segmentis
807 3934 836 3964 ae
851 3918 929 3964 libulis
948 3927 1031 3965 oruata
1049 3926 1073 3964 et
1094 3921 1262 3976 pulcherrime

130 3988 221 4042 tesia,
241 3987 326 4045 quibus
343 3989 452 4044 galerum
464 3987 508 4032 sub
525 3993 605 4032 rueuto
624 3989 729 4045 stringit,
749 4002 794 4043 pro
813 3994 880 4033 certo
899 3990 1039 4047 colligemus
1057 3991 1162 4037 nobilem
1178 3992 1255 4035 bomi·
1291 4027 1293 4038 .

131 4072 186 4103 uem
205 4071 249 4101 nos
268 4057 356 4102 uidisse
375 4055 537 4114 depugnarest'
556 4056 616 4102 214.
636 4057 722 4100 cuieur
743 4056 795 4101 DF.
810 4058 953 4101 :colione
971 4061 1087 4105 ABCEG.
1108 4057 1169 4105 221.
1189 4059 1254 4104 Ver-

128 4127 218 4187 ginius
235 4122 331 4184 Rufus,
352 4126 495 4171 Germaniae
514 4126 638 4172 inferioris
657 4128 763 4184 legetur,
790 4124 871 4171 lulius
896 4125 1010 4184 Vindex,
1030 4131 1069 4187 qni
1090 4129 1182 4175 Gallias
1209 4143 1254 4185 pro

129 4201 243 4252 praetore
263 4195 400 4249 obtinebat,
433 4201 456 4239 et
476 4193 579 4241 Servius
601 4195 683 4242 Galba
711 4196 838 4252 Hispaniae
868 4196 1060 4245 Tarraconensis
1081 4199 1217 4256 preelectus
1240 4213 1254 4242 ι

130 4264 236 4313 Nerone
247 4265 413 4311 desciuerunt
446 4261 507 4315 223.
525 4263 639 4312 Nerone
655 4263 756 4313 monn.
