2782 4762
14 168 22 229 ·‘
72 182 77 193 “
168 203 238 266 aas.

168 357 361 423 Servumsi-
375 369 488 442 potes,
513 359 596 438 Ole,
621 380 685 422 non
707 358 849 435 babere,

166 465 213 527 Et
234 483 341 546 regern
363 474 459 545 potes
467 505 477 540 ,
503 462 583 540 Ole,
607 482 673 526 non
694 464 827 525 habere.

441 602 561 686 xxxj
594 619 783 691 arrisum.
808 619 866 698 (n.
890 620 923 682 a.
947 621 995 703 a.)

168 734 303 797 Romam
329 732 427 805 vade,
452 729 553 805 liber:
576 729 620 806 si,
644 729 771 794 veneris
794 733 896 808 tunde,
920 730 1083 813 requiret:

230 815 390 897 Aemiliae
408 832 492 895 dices
516 835 555 894 dc
577 831 712 916 regione
737 831 819 895 viae.

167 935 222 1012 Si,
246 937 360 1018 quibus
383 933 525 1010 intersis,
550 956 612 1018 qua
635 933 732 996 simus
754 934 785 995 in
810 935 911 1012 urbe,
937 933 1086 1018 rogabit:

228 1037 361 1101 Corneli
383 1036 506 1099 relcras
530 1057 577 1099 me
601 1035 675 1099 licet
697 1057 766 1098 esse
788 1035 878 1100 loro.

167 1139 236 1205 Cur
259 1137 377 1214 absim,
403 1149 552 1221 quaeret:
575 1137 717 1201 breviter
738 1149 792 1213 tu,
825 1138 940 1215 nmlta,
964 1137 1087 1215 latere,

231 1243 305 1303 Non
328 1252 456 1321 poterat
478 1261 578 1304 vanae
600 1239 702 1302 taedia
725 1240 811 1303 lerrc
833 1251 945 1324 togae.

166 1343 303 1422 Quando
329 1340 436 1404 venit?
458 1341 560 1405 dicet:
585 1353 620 1403 tu
641 1344 861 1423 respondeto,
883 1345 983 1424 po'c'ta

229 1443 381 1520 Exiera13
405 1443 529 1521 veniet,
554 1462 650 1528 quom
674 1445 876 1508 citharoedus
898 1447 970 1508 erit.

424 1586 556 1650 XXXI.
590 1583 769 1649 Eiusdem.
800 1586 857 1665 (L.
881 1586 914 1648 3.
939 1586 1009 1666 db.)

165 1693 283 1776 Exigis
306 1715 322 1756 a
346 1694 437 1758 nobis
460 1716 592 1778 operam
614 1695 681 1757 sine
704 1695 764 1758 linc
788 1707 948 1779 togatam:
968 1774 970 1779 Ι

229 1800 305 1860 Non
328 1818 387 1872 eo,
411 1796 559 1860 libertum
582 1800 637 1861 scd
659 1797 718 1861 tibi
742 1797 833 1863 ruitto
857 1821 975 1862 inerim.

165 1900 240 1964 Non
263 1909 329 1974 cst,
353 1898 473 1983 inquis,
498 1899 594 1963 idem.
638 1900 747 1964 Multo
771 1902 842 1982 plus
864 1923 933 1964 csse
955 1903 1128 1991 probabo:

229 2003 298 2065 Vix
321 2023 385 2086 ego
408 2000 549 2065 lecticam
571 2004 771 2088 subsequor3
795 2003 848 2066 ille
870 2005 965 2067 feret.

165 2105 203 2167 ln
227 2107 351 2166 turbam
374 2103 538 2180 incideris:
562 2117 695 2189 cunctos
718 2107 856 2169 umbone
878 2106 1032 2187 repellet:

228 2206 406 2268 Invalidum
429 2219 478 2269 est
499 2207 592 2270 nobis
615 2207 848 2291 ingenuumque
871 2207 963 2284 latus.

165 2307 329 2387 Quidlibet
351 2309 381 2370 in
407 2308 509 2371 causis
532 2309 731 2386 narraveris,
761 2308 831 2392 ipse
853 2313 988 2375 tacebo:

138 2486 143 2504 .
229 2410 274 2472 At
297 2409 352 2472 tibi
375 2409 585 2494 tergeminum
608 2411 728 2494 mugiet
749 2412 802 2476 ille
824 2415 960 2495 sophos.

167 2512 225 2573 Lis
248 2511 326 2585 eri13
350 2511 470 2594 ingenti
493 2511 588 2576 laciet
611 2513 758 2576 convicia
780 2535 881 2578 voce:

229 2614 310 2676 Esse
333 2617 438 2694 pudor
461 2614 560 2676 vetuit
582 2614 679 2678 fortia
704 2618 802 2678 verba
826 2615 914 2680 milri.

165 2717 260 2800 Ergo
284 2716 359 2778 nihil
381 2715 492 2792 nobis,
515 2716 639 2800 inquis,
664 2718 840 2798 praestabis
863 2720 1003 2784 amiens?

229 2818 392 2902 Quidquid
413 2817 565 2895 libertus,
591 2816 752 2897 Candide,
778 2842 842 2884 non
865 2822 997 2904 poterit.

396 3041 400 3046 .
426 2969 580 3034 xxxia.
610 2968 789 3033 mmmm.
825 2972 882 3050 u..
906 2972 939 3037 a.
963 2974 1032 3051 aa.)

208 3078 354 3154 Sirenas,
377 3079 511 3140 hilarem
534 3079 749 3163 navigantium
771 3103 908 3165 poenam

165 3181 370 3261 Blandasque
393 3191 513 3270 mortes
536 3182 747 3266 gaudiumque
769 3185 922 3263 crudele,

166 3284 255 3359 Quas
277 3303 369 3344 nerno
393 3285 552 3366 quondam
577 3286 744 3347 deserebat
766 3286 905 3364 auditas,

165 3384 280 3446 Fallax
302 3365 413 3445 Uliacs
436 3384 551 3448 dicitur
572 3385 754 3471 reliquisse.

165 3486 241 3548 Non
266 3485 383 3549 miror:
408 3485 503 3564 illud,
529 3487 698 3565 Cassiano,
724 3489 875 3569 aoirarer,

166 3588 201 3650 si
222 3588 417 3653 fabulantem
441 3587 574 3654 Canium
597 3590 788 3674 reliquisset.

416 3732 589 3796 XXXIII·
613 3731 791 3796 Eiusdem.
822 3733 880 3812 (L.
906 3736 937 3796 l.
963 3737 1030 3814 10.)

165 3839 249 3903 Dmu
274 3860 378 3903 novus
402 3851 448 3902 est
472 3862 573 3924 neque
596 3843 699 3916 adhuc
721 3865 791 3906 rasa
816 3844 888 3905 aniln
912 3844 1019 3907 lrontc
1042 3847 1187 3924 libellus,

230 3943 353 4026 Pagina
376 3947 448 4004 dum
473 3945 559 4029 tangi
582 3967 645 4008 non
669 3948 749 4008 bene
772 3947 855 4008 sicea
878 3946 984 4023 timet,

165 4044 201 4121 I,
226 4065 322 4126 puer,
347 4055 378 4107 ct
401 4067 477 4108 raro
499 4045 609 4128 perlcr
632 4049 702 4111 leve
726 4069 837 4110 munus
860 4048 980 4126 amico,

231 4147 295 4226 Qui
319 4147 430 4208 rueruit
452 4170 552 4233 nugas
575 4149 695 4231 primus
719 4150 836 4213 habere
860 4173 957 4213 ineas.

167 4246 292 4324 Curre,
317 4250 374 4311 scd
395 4248 586 4326 instructusa
603 4250 778 4328 ¹comitetur
800 4244 923 4317 Punica
947 4254 1062 4319 librum
1270 4265 1290 4324 5
