<?xml version="1.0" encoding="UTF-8"?>
<!DOCTYPE html PUBLIC "-//W3C//DTD XHTML 1.0 Transitional//EN"
    "http://www.w3.org/TR/xhtml1/DTD/xhtml1-transitional.dtd">
<html xmlns="http://www.w3.org/1999/xhtml" xml:lang="en" lang="en">
 <head>
  <title>
</title>
<meta http-equiv="Content-Type" content="text/html;charset=utf-8" />
  <meta name='ocr-system' content='tesseract 3.04.00' />
  <meta name='ocr-capabilities' content='ocr_page ocr_carea ocr_par ocr_line ocrx_word'/>
</head>
<body>
  <div class='ocr_page' id='page_1' title='image "./eclogaepoetarum00orelgoog_0014.png"; bbox 0 0 2782 4762; ppageno 0'>
   <div class='ocr_carea' id='block_1_1' title="bbox 1213 215 1231 275">
    <p class='ocr_par' dir='ltr' id='par_1_1' title="bbox 1213 215 1231 275">
     <span class='ocr_line' id='line_1_1' title="bbox 1213 215 1231 275; baseline 0 0"><span class='ocrx_word' id='word_1_1' title='bbox 1213 215 1231 275; x_wconf 84' lang='lat'>5</span> 
     </span>
    </p>
   </div>
   <div class='ocr_carea' id='block_1_2' title="bbox 98 368 1231 4383">
    <p class='ocr_par' dir='ltr' id='par_1_2' title="bbox 109 368 1230 744">
     <span class='ocr_line' id='line_1_2' title="bbox 174 368 1227 457; baseline 0.008 -26"><span class='ocrx_word' id='word_1_2' title='bbox 174 368 314 434; x_wconf 80' lang='lat' dir='ltr'><strong>Facilius</strong></span> <span class='ocrx_word' id='word_1_3' title='bbox 335 369 397 433; x_wconf 90' lang='lat' dir='ltr'>iam</span> <span class='ocrx_word' id='word_1_4' title='bbox 420 392 472 434; x_wconf 89' lang='lat' dir='ltr'>res</span> <span class='ocrx_word' id='word_1_5' title='bbox 504 375 704 456; x_wconf 79' lang='lat' dir='ltr'>procedebat</span> <span class='ocrx_word' id='word_1_6' title='bbox 734 373 765 435; x_wconf 94' lang='lat' dir='ltr'>in</span> <span class='ocrx_word' id='word_1_7' title='bbox 797 374 967 438; x_wconf 82' lang='lat' dir='ltr'>Tibullo</span> <span class='ocrx_word' id='word_1_8' title='bbox 990 387 1066 457; x_wconf 91' lang='lat' dir='ltr'>post</span> <span class='ocrx_word' id='word_1_9' title='bbox 1089 375 1227 456; x_wconf 89' lang='lat' dir='ltr'>Heynii,</span> 
     </span>
     <span class='ocr_line' id='line_1_3' title="bbox 109 473 1230 564; baseline 0.007 -31"><span class='ocrx_word' id='word_1_10' title='bbox 109 473 364 550; x_wconf 87' lang='lat' dir='ltr'>Wunderlicbii,</span> <span class='ocrx_word' id='word_1_11' title='bbox 388 473 520 551; x_wconf 90' lang='lat' dir='ltr'>Vossii‚</span> <span class='ocrx_word' id='word_1_12' title='bbox 543 475 704 539; x_wconf 90' lang='lat' dir='ltr'>Huscbkii</span> <span class='ocrx_word' id='word_1_13' title='bbox 733 498 771 538; x_wconf 88' lang='lat' dir='ltr'>ac</span> <span class='ocrx_word' id='word_1_14' title='bbox 798 477 911 540; x_wconf 80' lang='lat' dir='ltr'>Baebii</span> <span class='ocrx_word' id='word_1_15' title='bbox 947 500 1054 552; x_wconf 90' lang='lat' dir='ltr'>curas,</span> <span class='ocrx_word' id='word_1_16' title='bbox 1089 499 1129 543; x_wconf 85' lang='lat' dir='ltr'>ex</span> <span class='ocrx_word' id='word_1_17' title='bbox 1159 479 1230 564; x_wconf 90' lang='lat' dir='ltr'>qui·</span> 
     </span>
     <span class='ocr_line' id='line_1_4' title="bbox 109 574 1230 663; baseline 0.004 -25"><span class='ocrx_word' id='word_1_18' title='bbox 109 579 187 655; x_wconf 89' lang='lat' dir='ltr'>bns,</span> <span class='ocrx_word' id='word_1_19' title='bbox 223 574 301 640; x_wconf 91' lang='lat' dir='ltr'>nulli</span> <span class='ocrx_word' id='word_1_20' title='bbox 324 577 504 654; x_wconf 82' lang='lat' dir='ltr'>obnoxius,</span> <span class='ocrx_word' id='word_1_21' title='bbox 541 601 622 663; x_wconf 90' lang='lat' dir='ltr'>quae</span> <span class='ocrx_word' id='word_1_22' title='bbox 644 578 844 661; x_wconf 85' lang='lat' dir='ltr'>potissimum</span> <span class='ocrx_word' id='word_1_23' title='bbox 869 580 1048 662; x_wconf 76' lang='lat' dir='ltr'><strong>placerent,</strong></span> <span class='ocrx_word' id='word_1_24' title='bbox 1088 603 1176 646; x_wconf 88' lang='lat' dir='ltr'>meos</span> <span class='ocrx_word' id='word_1_25' title='bbox 1198 581 1230 644; x_wconf 94' lang='lat' dir='ltr'>in</span> 
     </span>
     <span class='ocr_line' id='line_1_5' title="bbox 109 679 370 744; baseline 0.011 -3"><span class='ocrx_word' id='word_1_26' title='bbox 109 692 184 741; x_wconf 89' lang='lat' dir='ltr'>usus</span> <span class='ocrx_word' id='word_1_27' title='bbox 208 679 370 744; x_wconf 84' lang='lat' dir='ltr'>converti.</span> 
     </span>
    </p>

    <p class='ocr_par' dir='ltr' id='par_1_3' title="bbox 104 784 1231 2293">
     <span class='ocr_line' id='line_1_6' title="bbox 172 784 1229 867; baseline 0.005 -20"><span class='ocrx_word' id='word_1_28' title='bbox 172 784 211 847; x_wconf 87' lang='lat' dir='ltr'>ln</span> <span class='ocrx_word' id='word_1_29' title='bbox 233 785 486 867; x_wconf 82' lang='lat' dir='ltr'>Propertio,</span> <span class='ocrx_word' id='word_1_30' title='bbox 521 786 675 851; x_wconf 91' lang='lat' dir='ltr'>consultis</span> <span class='ocrx_word' id='word_1_31' title='bbox 698 785 790 850; x_wconf 89' lang='lat' dir='ltr'>etiam</span> <span class='ocrx_word' id='word_1_32' title='bbox 815 786 991 858; x_wconf 85' lang='lat' dir='ltr'>Bahrdtio‚</span> <span class='ocrx_word' id='word_1_33' title='bbox 1024 789 1229 863; x_wconf 89' lang='lat' dir='ltr'>Burmanno,</span> 
     </span>
     <span class='ocr_line' id='line_1_7' title="bbox 109 885 1230 973; baseline 0.002 -23"><span class='ocrx_word' id='word_1_34' title='bbox 109 885 310 964; x_wconf 82' lang='lat' dir='ltr'>Kuinoclio,</span> <span class='ocrx_word' id='word_1_35' title='bbox 348 890 587 952; x_wconf 88' lang='lat' dir='ltr'>Lachmannum</span> <span class='ocrx_word' id='word_1_36' title='bbox 625 889 832 973; x_wconf 90' lang='lat' dir='ltr'>praecipuum</span> <span class='ocrx_word' id='word_1_37' title='bbox 878 894 990 953; x_wconf 89' lang='lat' dir='ltr'>ducem</span> <span class='ocrx_word' id='word_1_38' title='bbox 1026 890 1136 955; x_wconf 89' lang='lat' dir='ltr'>habui.</span> <span class='ocrx_word' id='word_1_39' title='bbox 1191 893 1230 954; x_wconf 95' lang='lat' dir='ltr'>In</span> 
     </span>
     <span class='ocr_line' id='line_1_8' title="bbox 111 989 1229 1077; baseline 0 -23"><span class='ocrx_word' id='word_1_40' title='bbox 111 989 259 1054; x_wconf 87' lang='lat' dir='ltr'>Ovidii</span> <span class='ocrx_word' id='word_1_41' title='bbox 281 991 408 1077; x_wconf 82' lang='lat' dir='ltr'>Elegiis</span> <span class='ocrx_word' id='word_1_42' title='bbox 431 994 663 1070; x_wconf 89' lang='lat' dir='ltr'>Burmannum,</span> <span class='ocrx_word' id='word_1_43' title='bbox 701 993 733 1057; x_wconf 90' lang='lat' dir='ltr'>in</span> <span class='ocrx_word' id='word_1_44' title='bbox 756 994 908 1058; x_wconf 88' lang='lat' dir='ltr'>Persio</span> <span class='ocrx_word' id='word_1_45' title='bbox 935 1016 1012 1057; x_wconf 89' lang='lat' dir='ltr'>vero</span> <span class='ocrx_word' id='word_1_46' title='bbox 1037 993 1229 1058; x_wconf 89' lang='lat' dir='ltr'>Passovium</span> 
     </span>
     <span class='ocr_line' id='line_1_9' title="bbox 108 1092 1230 1173; baseline 0.003 -18"><span class='ocrx_word' id='word_1_47' title='bbox 108 1116 147 1155; x_wconf 88' lang='lat' dir='ltr'>ae</span> <span class='ocrx_word' id='word_1_48' title='bbox 168 1092 339 1157; x_wconf 84' lang='lat' dir='ltr'>Nicolaum</span> <span class='ocrx_word' id='word_1_49' title='bbox 363 1095 541 1159; x_wconf 89' lang='lat' dir='ltr'>Achaintre</span> <span class='ocrx_word' id='word_1_50' title='bbox 571 1109 696 1160; x_wconf 89' lang='lat' dir='ltr'>secutus</span> <span class='ocrx_word' id='word_1_51' title='bbox 726 1120 811 1173; x_wconf 92' lang='lat' dir='ltr'>sum,</span> <span class='ocrx_word' id='word_1_52' title='bbox 850 1097 975 1161; x_wconf 90' lang='lat' dir='ltr'>ratione</span> <span class='ocrx_word' id='word_1_53' title='bbox 1005 1098 1113 1160; x_wconf 88' lang='lat' dir='ltr'>habita</span> <span class='ocrx_word' id='word_1_54' title='bbox 1136 1097 1230 1159; x_wconf 90' lang='lat' dir='ltr'>ctiam</span> 
     </span>
     <span class='ocr_line' id='line_1_10' title="bbox 107 1198 1231 1282; baseline 0.004 -24"><span class='ocrx_word' id='word_1_55' title='bbox 107 1218 238 1272; x_wconf 90' lang='lat' dir='ltr'>eornm,</span> <span class='ocrx_word' id='word_1_56' title='bbox 277 1220 358 1282; x_wconf 88' lang='lat' dir='ltr'>quae</span> <span class='ocrx_word' id='word_1_57' title='bbox 386 1198 616 1275; x_wconf 77' lang='lat' dir='ltr'>casaubonus,</span> <span class='ocrx_word' id='word_1_58' title='bbox 655 1199 806 1276; x_wconf 88' lang='lat' dir='ltr'>Reizius,</span> <span class='ocrx_word' id='word_1_59' title='bbox 844 1199 994 1264; x_wconf 89' lang='lat' dir='ltr'>Montius</span> <span class='ocrx_word' id='word_1_60' title='bbox 1030 1201 1165 1281; x_wconf 79' lang='lat' dir='ltr'>(Satire</span> <span class='ocrx_word' id='word_1_61' title='bbox 1195 1202 1231 1262; x_wconf 77' lang='lat' dir='ltr'>cti</span> 
     </span>
     <span class='ocr_line' id='line_1_11' title="bbox 106 1300 1228 1378; baseline 0.002 -14"><span class='ocrx_word' id='word_1_62' title='bbox 106 1303 153 1364; x_wconf 86' lang='lat' dir='ltr'>A.</span> <span class='ocrx_word' id='word_1_63' title='bbox 170 1300 290 1364; x_wconf 81' lang='lat' dir='ltr'>Persio</span> <span class='ocrx_word' id='word_1_64' title='bbox 305 1304 438 1378; x_wconf 69' lang='lat' dir='ltr'>Flacco,</span> <span class='ocrx_word' id='word_1_65' title='bbox 456 1303 663 1367; x_wconf 85' lang='lat' dir='ltr'>traduzione</span> <span class='ocrx_word' id='word_1_66' title='bbox 679 1305 716 1366; x_wconf 85' lang='lat' dir='ltr'>di</span> <span class='ocrx_word' id='word_1_67' title='bbox 730 1305 904 1369; x_wconf 79' lang='lat' dir='ltr'>Vincenzo</span> <span class='ocrx_word' id='word_1_68' title='bbox 919 1305 1049 1368; x_wconf 85' lang='lat' dir='ltr'>Monti.</span> <span class='ocrx_word' id='word_1_69' title='bbox 1073 1303 1228 1376; x_wconf 85' lang='lat' dir='ltr'>Milone,</span> 
     </span>
     <span class='ocr_line' id='line_1_12' title="bbox 107 1404 1229 1489; baseline 0.002 -23"><span class='ocrx_word' id='word_1_70' title='bbox 107 1404 217 1466; x_wconf 83' lang='lat' dir='ltr'>Genio</span> <span class='ocrx_word' id='word_1_71' title='bbox 237 1417 380 1489; x_wconf 82' lang='lat' dir='ltr'>typogr.</span> <span class='ocrx_word' id='word_1_72' title='bbox 407 1406 502 1468; x_wconf 82' lang='lat'><strong>1803.</strong></span> <span class='ocrx_word' id='word_1_73' title='bbox 526 1407 574 1486; x_wconf 87' lang='grc'>8.)</span> <span class='ocrx_word' id='word_1_74' title='bbox 597 1429 635 1468; x_wconf 88' lang='lat' dir='ltr'>ae</span> <span class='ocrx_word' id='word_1_75' title='bbox 658 1406 835 1470; x_wconf 89' lang='lat' dir='ltr'>Meisterus</span> <span class='ocrx_word' id='word_1_76' title='bbox 858 1406 978 1486; x_wconf 89' lang='lat' dir='ltr'>(variis</span> <span class='ocrx_word' id='word_1_77' title='bbox 998 1407 1030 1468; x_wconf 89' lang='lat' dir='ltr'>in</span> <span class='ocrx_word' id='word_1_78' title='bbox 1047 1407 1229 1488; x_wconf 87' lang='lat' dir='ltr'>opusculis)</span> 
     </span>
     <span class='ocr_line' id='line_1_13' title="bbox 107 1503 1231 1594; baseline 0.002 -26"><span class='ocrx_word' id='word_1_79' title='bbox 107 1511 148 1568; x_wconf 92' lang='lat' dir='ltr'>ad</span> <span class='ocrx_word' id='word_1_80' title='bbox 180 1507 272 1569; x_wconf 87' lang='lat' dir='ltr'>huius</span> <span class='ocrx_word' id='word_1_81' title='bbox 307 1512 425 1590; x_wconf 78' lang='lat' dir='ltr'>poetae</span> <span class='ocrx_word' id='word_1_82' title='bbox 463 1508 761 1591; x_wconf 80' lang='lat' dir='ltr'>interpretationem</span> <span class='ocrx_word' id='word_1_83' title='bbox 804 1503 1020 1574; x_wconf 85' lang='lat' dir='ltr'>contulerunt.</span> <span class='ocrx_word' id='word_1_84' title='bbox 1075 1509 1231 1594; x_wconf 77' lang='lat' dir='ltr'>Kocuigii</span> 
     </span>
     <span class='ocr_line' id='line_1_14' title="bbox 107 1611 1228 1699; baseline 0.002 -27"><span class='ocrx_word' id='word_1_85' title='bbox 107 1611 341 1675; x_wconf 90' lang='lat' dir='ltr'>commentario</span> <span class='ocrx_word' id='word_1_86' title='bbox 372 1633 482 1676; x_wconf 89' lang='lat' dir='ltr'>carco.</span> <span class='ocrx_word' id='word_1_87' title='bbox 536 1611 647 1676; x_wconf 90' lang='lat' dir='ltr'>Editio</span> <span class='ocrx_word' id='word_1_88' title='bbox 679 1613 806 1698; x_wconf 90' lang='lat' dir='ltr'>quidem</span> <span class='ocrx_word' id='word_1_89' title='bbox 834 1613 1123 1699; x_wconf 83' lang='lat' dir='ltr'>Norimbergcnsis</span> <span class='ocrx_word' id='word_1_90' title='bbox 1155 1613 1228 1675; x_wconf 92' lang='lat' dir='ltr'>anni</span> 
     </span>
     <span class='ocr_line' id='line_1_15' title="bbox 109 1713 1228 1800; baseline 0.003 -25"><span class='ocrx_word' id='word_1_91' title='bbox 109 1713 204 1776; x_wconf 83' lang='lat'><strong>1803.</strong></span> <span class='ocrx_word' id='word_1_92' title='bbox 227 1725 357 1796; x_wconf 89' lang='lat' dir='ltr'>praeter</span> <span class='ocrx_word' id='word_1_93' title='bbox 379 1714 557 1778; x_wconf 90' lang='lat' dir='ltr'>Ebneriani</span> <span class='ocrx_word' id='word_1_94' title='bbox 587 1714 710 1779; x_wconf 89' lang='lat' dir='ltr'>codicis</span> <span class='ocrx_word' id='word_1_95' title='bbox 739 1717 893 1795; x_wconf 89' lang='lat' dir='ltr'>lectiones</span> <span class='ocrx_word' id='word_1_96' title='bbox 920 1718 1035 1800; x_wconf 89' lang='lat' dir='ltr'>passim</span> <span class='ocrx_word' id='word_1_97' title='bbox 1059 1729 1228 1799; x_wconf 86' lang='lat' dir='ltr'>excerptas</span> 
     </span>
     <span class='ocr_line' id='line_1_16' title="bbox 106 1817 1228 1902; baseline 0.002 -24"><span class='ocrx_word' id='word_1_98' title='bbox 106 1819 210 1880; x_wconf 91' lang='lat' dir='ltr'>bonae</span> <span class='ocrx_word' id='word_1_99' title='bbox 246 1817 352 1902; x_wconf 77' lang='lat' dir='ltr'>frugis</span> <span class='ocrx_word' id='word_1_100' title='bbox 385 1817 466 1881; x_wconf 91' lang='lat' dir='ltr'>nihil</span> <span class='ocrx_word' id='word_1_101' title='bbox 500 1818 772 1883; x_wconf 85' lang='lat' dir='ltr'>subministrabat.</span> <span class='ocrx_word' id='word_1_102' title='bbox 830 1821 957 1884; x_wconf 87' lang='lat' dir='ltr'>Primus</span> <span class='ocrx_word' id='word_1_103' title='bbox 988 1843 1067 1883; x_wconf 87' lang='lat' dir='ltr'>vero</span> <span class='ocrx_word' id='word_1_104' title='bbox 1103 1820 1228 1890; x_wconf 85' lang='lat' dir='ltr'>excussi</span> 
     </span>
     <span class='ocr_line' id='line_1_17' title="bbox 107 1919 1228 2003; baseline 0 -21"><span class='ocrx_word' id='word_1_105' title='bbox 107 1920 250 1983; x_wconf 88' lang='lat' dir='ltr'>codicem</span> <span class='ocrx_word' id='word_1_106' title='bbox 280 1919 497 1993; x_wconf 86' lang='lat' dir='ltr'>bibliothecae</span> <span class='ocrx_word' id='word_1_107' title='bbox 526 1921 656 1986; x_wconf 91' lang='lat' dir='ltr'>Civium</span> <span class='ocrx_word' id='word_1_108' title='bbox 685 1922 908 1984; x_wconf 90' lang='lat' dir='ltr'>Turiccnsium</span> <span class='ocrx_word' id='word_1_109' title='bbox 938 1925 1046 2003; x_wconf 88' lang='lat' dir='ltr'>(Mss.</span> <span class='ocrx_word' id='word_1_110' title='bbox 1072 1922 1113 1986; x_wconf 89' lang='lat' dir='ltr'>C.</span> <span class='ocrx_word' id='word_1_111' title='bbox 1141 1924 1228 1998; x_wconf 79' lang='lat'>135.)</span> 
     </span>
     <span class='ocr_line' id='line_1_18' title="bbox 106 2019 1229 2108; baseline 0.001 -24"><span class='ocrx_word' id='word_1_112' title='bbox 106 2026 398 2100; x_wconf 86' lang='lat' dir='ltr'>membranaceum,</span> <span class='ocrx_word' id='word_1_113' title='bbox 432 2023 664 2108; x_wconf 84' lang='lat' dir='ltr'>elegantissime</span> <span class='ocrx_word' id='word_1_114' title='bbox 688 2027 728 2087; x_wconf 90' lang='lat' dir='ltr'>ab</span> <span class='ocrx_word' id='word_1_115' title='bbox 750 2026 835 2088; x_wconf 89' lang='lat' dir='ltr'>Italo</span> <span class='ocrx_word' id='word_1_116' title='bbox 857 2019 993 2090; x_wconf 85' lang='lat' dir='ltr'>librario</span> <span class='ocrx_word' id='word_1_117' title='bbox 1021 2025 1120 2088; x_wconf 89' lang='lat' dir='ltr'>seculi</span> <span class='ocrx_word' id='word_1_118' title='bbox 1142 2024 1229 2087; x_wconf 88' lang='lat' dir='ltr'>tertii</span> 
     </span>
     <span class='ocr_line' id='line_1_19' title="bbox 107 2126 1230 2213; baseline 0.001 -24"><span class='ocrx_word' id='word_1_119' title='bbox 107 2126 221 2190; x_wconf 88' lang='lat' dir='ltr'>decimi</span> <span class='ocrx_word' id='word_1_120' title='bbox 250 2138 414 2189; x_wconf 88' lang='lat' dir='ltr'>exaratum</span> <span class='ocrx_word' id='word_1_121' title='bbox 450 2149 487 2191; x_wconf 88' lang='lat' dir='ltr'>ae</span> <span class='ocrx_word' id='word_1_122' title='bbox 513 2127 700 2213; x_wconf 90' lang='lat' dir='ltr'>plerumque</span> <span class='ocrx_word' id='word_1_123' title='bbox 735 2151 805 2190; x_wconf 90' lang='lat' dir='ltr'>cum</span> <span class='ocrx_word' id='word_1_124' title='bbox 836 2128 983 2192; x_wconf 89' lang='lat' dir='ltr'>melioris</span> <span class='ocrx_word' id='word_1_125' title='bbox 1015 2139 1109 2191; x_wconf 90' lang='lat' dir='ltr'>notae</span> <span class='ocrx_word' id='word_1_126' title='bbox 1136 2128 1230 2190; x_wconf 90' lang='lat' dir='ltr'>libris</span> 
     </span>
     <span class='ocr_line' id='line_1_20' title="bbox 104 2229 287 2293; baseline 0.005 -2"><span class='ocrx_word' id='word_1_127' title='bbox 104 2229 287 2293; x_wconf 87' lang='lat' dir='ltr'>facientem.</span> 
     </span>
    </p>

    <p class='ocr_par' dir='ltr' id='par_1_4' title="bbox 103 2333 1229 3247">
     <span class='ocr_line' id='line_1_21' title="bbox 169 2333 1228 2418; baseline 0.002 -22"><span class='ocrx_word' id='word_1_128' title='bbox 169 2335 274 2414; x_wconf 84' lang='lat' dir='ltr'>Quum</span> <span class='ocrx_word' id='word_1_129' title='bbox 304 2333 518 2416; x_wconf 88' lang='lat' dir='ltr'>Sulpiciae</span> <span class='ocrx_word' id='word_1_130' title='bbox 548 2334 678 2397; x_wconf 88' lang='lat' dir='ltr'>satiram</span> <span class='ocrx_word' id='word_1_131' title='bbox 709 2339 813 2400; x_wconf 90' lang='lat' dir='ltr'>denuo</span> <span class='ocrx_word' id='word_1_132' title='bbox 840 2339 1064 2398; x_wconf 89' lang='lat' dir='ltr'>recensendam</span> <span class='ocrx_word' id='word_1_133' title='bbox 1087 2336 1228 2418; x_wconf 90' lang='lat' dir='ltr'>suscipe-</span> 
     </span>
     <span class='ocr_line' id='line_1_22' title="bbox 104 2435 1229 2524; baseline -0.002 -24"><span class='ocrx_word' id='word_1_134' title='bbox 104 2459 188 2510; x_wconf 88' lang='lat' dir='ltr'>rem,</span> <span class='ocrx_word' id='word_1_135' title='bbox 226 2449 297 2500; x_wconf 91' lang='lat' dir='ltr'>ante</span> <span class='ocrx_word' id='word_1_136' title='bbox 329 2435 437 2502; x_wconf 89' lang='lat' dir='ltr'>omnia</span> <span class='ocrx_word' id='word_1_137' title='bbox 467 2437 696 2520; x_wconf 84' lang='lat' dir='ltr'>dispiciendum</span> <span class='ocrx_word' id='word_1_138' title='bbox 730 2451 817 2514; x_wconf 89' lang='lat' dir='ltr'>erat,</span> <span class='ocrx_word' id='word_1_139' title='bbox 855 2462 1007 2524; x_wconf 85' lang='lat' dir='ltr'>quaenam</span> <span class='ocrx_word' id='word_1_140' title='bbox 1039 2439 1229 2502; x_wconf 87' lang='lat' dir='ltr'>obtinuisset</span> 
     </span>
     <span class='ocr_line' id='line_1_23' title="bbox 103 2539 1227 2627; baseline 0.001 -27"><span class='ocrx_word' id='word_1_141' title='bbox 103 2539 202 2604; x_wconf 89' lang='lat' dir='ltr'>lectio</span> <span class='ocrx_word' id='word_1_142' title='bbox 220 2552 290 2603; x_wconf 89' lang='lat' dir='ltr'>ante</span> <span class='ocrx_word' id='word_1_143' title='bbox 305 2539 476 2617; x_wconf 85' lang='lat' dir='ltr'>Vinctum,</span> <span class='ocrx_word' id='word_1_144' title='bbox 500 2545 622 2627; x_wconf 88' lang='lat' dir='ltr'>quade</span> <span class='ocrx_word' id='word_1_145' title='bbox 645 2565 680 2606; x_wconf 94' lang='lat' dir='ltr'>re</span> <span class='ocrx_word' id='word_1_146' title='bbox 703 2565 743 2605; x_wconf 90' lang='lat' dir='ltr'>ex</span> <span class='ocrx_word' id='word_1_147' title='bbox 764 2543 968 2619; x_wconf 82' lang='lat' dir='ltr'>Schwarzii,</span> <span class='ocrx_word' id='word_1_148' title='bbox 993 2543 1166 2605; x_wconf 87' lang='lat' dir='ltr'>Burmanni</span> <span class='ocrx_word' id='word_1_149' title='bbox 1191 2566 1227 2602; x_wconf 83' lang='lat' dir='ltr'>ac</span> 
     </span>
     <span class='ocr_line' id='line_1_24' title="bbox 104 2642 1225 2728; baseline -0.002 -20"><span class='ocrx_word' id='word_1_150' title='bbox 104 2644 323 2709; x_wconf 85' lang='lat' dir='ltr'>Wernsdorfii</span> <span class='ocrx_word' id='word_1_151' title='bbox 349 2642 546 2708; x_wconf 90' lang='lat' dir='ltr'>editionibus</span> <span class='ocrx_word' id='word_1_152' title='bbox 583 2667 648 2709; x_wconf 90' lang='lat' dir='ltr'>non</span> <span class='ocrx_word' id='word_1_153' title='bbox 681 2668 805 2728; x_wconf 91' lang='lat' dir='ltr'>semper</span> <span class='ocrx_word' id='word_1_154' title='bbox 836 2646 953 2709; x_wconf 89' lang='lat' dir='ltr'>licebat</span> <span class='ocrx_word' id='word_1_155' title='bbox 975 2657 1044 2708; x_wconf 90' lang='lat' dir='ltr'>tuto</span> <span class='ocrx_word' id='word_1_156' title='bbox 1071 2645 1225 2707; x_wconf 85' lang='lat' dir='ltr'>iudicare.</span> 
     </span>
     <span class='ocr_line' id='line_1_25' title="bbox 104 2746 1227 2834; baseline 0 -24"><span class='ocrx_word' id='word_1_157' title='bbox 104 2749 150 2810; x_wconf 89' lang='lat' dir='ltr'>At</span> <span class='ocrx_word' id='word_1_158' title='bbox 173 2747 340 2811; x_wconf 89' lang='lat' dir='ltr'>destitutus</span> <span class='ocrx_word' id='word_1_159' title='bbox 362 2746 501 2812; x_wconf 89' lang='lat' dir='ltr'>Ausonii</span> <span class='ocrx_word' id='word_1_160' title='bbox 523 2747 718 2812; x_wconf 89' lang='lat' dir='ltr'>editionibus</span> <span class='ocrx_word' id='word_1_161' title='bbox 740 2749 896 2834; x_wconf 89' lang='lat' dir='ltr'>antiquis,</span> <span class='ocrx_word' id='word_1_162' title='bbox 920 2748 1133 2812; x_wconf 88' lang='lat' dir='ltr'>Basileenscm</span> <span class='ocrx_word' id='word_1_163' title='bbox 1155 2749 1227 2810; x_wconf 90' lang='lat' dir='ltr'>anni</span> 
     </span>
     <span class='ocr_line' id='line_1_26' title="bbox 105 2849 1226 2933; baseline -0.002 -20"><span class='ocrx_word' id='word_1_164' title='bbox 105 2853 200 2915; x_wconf 75' lang='lat'><strong>1523.</strong></span> <span class='ocrx_word' id='word_1_165' title='bbox 225 2854 309 2932; x_wconf 85' lang='lat' dir='ltr'>apud</span> <span class='ocrx_word' id='word_1_166' title='bbox 331 2849 537 2915; x_wconf 89' lang='lat' dir='ltr'>Valentinum</span> <span class='ocrx_word' id='word_1_167' title='bbox 562 2850 737 2916; x_wconf 87' lang='lat' dir='ltr'>Curionem</span> <span class='ocrx_word' id='word_1_168' title='bbox 760 2852 847 2933; x_wconf 90' lang='lat' dir='ltr'>typis</span> <span class='ocrx_word' id='word_1_169' title='bbox 870 2873 1055 2932; x_wconf 89' lang='lat' dir='ltr'>expressam</span> <span class='ocrx_word' id='word_1_170' title='bbox 1075 2862 1168 2933; x_wconf 90' lang='lat' dir='ltr'>atque</span> <span class='ocrx_word' id='word_1_171' title='bbox 1186 2873 1226 2912; x_wconf 83' lang='lat' dir='ltr'>ex</span> 
     </span>
     <span class='ocr_line' id='line_1_27' title="bbox 103 2952 1227 3038; baseline -0.003 -21"><span class='ocrx_word' id='word_1_172' title='bbox 103 2966 175 3018; x_wconf 89' lang='lat' dir='ltr'>toto</span> <span class='ocrx_word' id='word_1_173' title='bbox 198 2977 269 3017; x_wconf 91' lang='lat' dir='ltr'>cum</span> <span class='ocrx_word' id='word_1_174' title='bbox 285 2953 405 3017; x_wconf 89' lang='lat' dir='ltr'>Aldina</span> <span class='ocrx_word' id='word_1_175' title='bbox 425 2953 662 3037; x_wconf 87' lang='lat' dir='ltr'>conspirantem</span> <span class='ocrx_word' id='word_1_176' title='bbox 685 2977 748 3038; x_wconf 86' lang='lat' dir='ltr'>pro</span> <span class='ocrx_word' id='word_1_177' title='bbox 768 2976 871 3018; x_wconf 91' lang='lat' dir='ltr'>novae</span> <span class='ocrx_word' id='word_1_178' title='bbox 892 2952 1091 3017; x_wconf 89' lang='lat' dir='ltr'>recensionis</span> <span class='ocrx_word' id='word_1_179' title='bbox 1113 2953 1227 3014; x_wconf 87' lang='lat' dir='ltr'>funda-</span> 
     </span>
     <span class='ocr_line' id='line_1_28' title="bbox 105 3056 1224 3140; baseline -0.003 -21"><span class='ocrx_word' id='word_1_180' title='bbox 105 3070 210 3121; x_wconf 88' lang='lat' dir='ltr'>mento</span> <span class='ocrx_word' id='word_1_181' title='bbox 232 3057 345 3134; x_wconf 90' lang='lat' dir='ltr'>habui,</span> <span class='ocrx_word' id='word_1_182' title='bbox 369 3056 413 3120; x_wconf 90' lang='lat' dir='ltr'>ita</span> <span class='ocrx_word' id='word_1_183' title='bbox 435 3070 483 3135; x_wconf 88' lang='lat' dir='ltr'>ut,</span> <span class='ocrx_word' id='word_1_184' title='bbox 508 3059 563 3121; x_wconf 90' lang='lat' dir='ltr'>ubi</span> <span class='ocrx_word' id='word_1_185' title='bbox 587 3080 667 3140; x_wconf 90' lang='lat' dir='ltr'>opus</span> <span class='ocrx_word' id='word_1_186' title='bbox 689 3070 787 3134; x_wconf 85' lang='lat' dir='ltr'>esset,</span> <span class='ocrx_word' id='word_1_187' title='bbox 812 3058 898 3120; x_wconf 85' lang='lat' dir='ltr'>vitiis</span> <span class='ocrx_word' id='word_1_188' title='bbox 915 3057 1051 3120; x_wconf 88' lang='lat' dir='ltr'>Aldinae</span> <span class='ocrx_word' id='word_1_189' title='bbox 1067 3056 1224 3120; x_wconf 86' lang='lat' dir='ltr'>Virorum</span> 
     </span>
     <span class='ocr_line' id='line_1_29' title="bbox 104 3161 971 3247; baseline -0.001 -23"><span class='ocrx_word' id='word_1_190' title='bbox 104 3167 275 3226; x_wconf 89' lang='lat' dir='ltr'>doctorum</span> <span class='ocrx_word' id='word_1_191' title='bbox 302 3184 448 3247; x_wconf 89' lang='lat' dir='ltr'>measque</span> <span class='ocrx_word' id='word_1_192' title='bbox 473 3161 971 3225; x_wconf 89' lang='lat' dir='ltr'>emendationessubstituerem.</span> 
     </span>
    </p>

    <p class='ocr_par' dir='ltr' id='par_1_5' title="bbox 101 3263 1225 3846">
     <span class='ocr_line' id='line_1_30' title="bbox 167 3263 1224 3351; baseline -0.005 -23"><span class='ocrx_word' id='word_1_193' title='bbox 167 3269 211 3329; x_wconf 91' lang='lat' dir='ltr'>Ut</span> <span class='ocrx_word' id='word_1_194' title='bbox 234 3269 274 3327; x_wconf 89' lang='lat' dir='ltr'>ad</span> <span class='ocrx_word' id='word_1_195' title='bbox 296 3265 513 3328; x_wconf 86' lang='lat' dir='ltr'>Iuvenalis</span> <span class='ocrx_word' id='word_1_196' title='bbox 536 3264 650 3328; x_wconf 88' lang='lat' dir='ltr'>satiras</span> <span class='ocrx_word' id='word_1_197' title='bbox 672 3268 822 3351; x_wconf 86' lang='lat' dir='ltr'>quasdam</span> <span class='ocrx_word' id='word_1_198' title='bbox 854 3265 987 3327; x_wconf 89' lang='lat' dir='ltr'>selectas</span> <span class='ocrx_word' id='word_1_199' title='bbox 1013 3263 1091 3327; x_wconf 90' lang='lat' dir='ltr'>novi</span> <span class='ocrx_word' id='word_1_200' title='bbox 1115 3263 1224 3326; x_wconf 89' lang='lat' dir='ltr'>saltem</span> 
     </span>
     <span class='ocr_line' id='line_1_31' title="bbox 103 3365 1224 3475; baseline -0.003 -45"><span class='ocrx_word' id='word_1_201' title='bbox 103 3369 224 3454; x_wconf 91' lang='lat' dir='ltr'>aliquid</span> <span class='ocrx_word' id='word_1_202' title='bbox 252 3372 436 3443; x_wconf 88' lang='lat' dir='ltr'>accederet,</span> <span class='ocrx_word' id='word_1_203' title='bbox 474 3368 619 3432; x_wconf 92' lang='lat' dir='ltr'>consului</span> <span class='ocrx_word' id='word_1_204' title='bbox 656 3379 784 3450; x_wconf 88' lang='lat' dir='ltr'>praeter</span> <span class='ocrx_word' id='word_1_205' title='bbox 813 3367 967 3475; x_wconf 70' lang='lat' dir='ltr'>¹Henninii</span> <span class='ocrx_word' id='word_1_206' title='bbox 1003 3391 1040 3429; x_wconf 90' lang='lat' dir='ltr'>ac</span> <span class='ocrx_word' id='word_1_207' title='bbox 1075 3365 1224 3447; x_wconf 85' lang='lat' dir='ltr'>Rupertii</span> 
     </span>
     <span class='ocr_line' id='line_1_32' title="bbox 102 3470 1225 3549; baseline -0.004 -14"><span class='ocrx_word' id='word_1_208' title='bbox 102 3472 260 3535; x_wconf 89' lang='lat' dir='ltr'>editiones</span> <span class='ocrx_word' id='word_1_209' title='bbox 290 3471 434 3535; x_wconf 90' lang='lat' dir='ltr'>codicem</span> <span class='ocrx_word' id='word_1_210' title='bbox 464 3475 739 3534; x_wconf 88' lang='lat' dir='ltr'>membranaceum</span> <span class='ocrx_word' id='word_1_211' title='bbox 767 3471 976 3534; x_wconf 77' lang='lat' dir='ltr'>&#39;l&#39;uricensem</span> <span class='ocrx_word' id='word_1_212' title='bbox 1010 3470 1072 3549; x_wconf 87' lang='lat' dir='ltr'>(C.</span> <span class='ocrx_word' id='word_1_213' title='bbox 1098 3493 1127 3531; x_wconf 86' lang='lat' dir='ltr'>a.</span> <span class='ocrx_word' id='word_1_214' title='bbox 1156 3471 1225 3548; x_wconf 67' lang='lat' dir='ltr'>ll.)</span> 
     </span>
     <span class='ocr_line' id='line_1_33' title="bbox 102 3573 1223 3660; baseline -0.004 -22"><span class='ocrx_word' id='word_1_215' title='bbox 102 3576 201 3639; x_wconf 90' lang='lat' dir='ltr'>seculi</span> <span class='ocrx_word' id='word_1_216' title='bbox 224 3575 327 3660; x_wconf 87' lang='lat' dir='ltr'>quinti</span> <span class='ocrx_word' id='word_1_217' title='bbox 352 3573 483 3650; x_wconf 89' lang='lat' dir='ltr'>decimi,</span> <span class='ocrx_word' id='word_1_218' title='bbox 508 3598 600 3637; x_wconf 92' lang='lat' dir='ltr'>manu</span> <span class='ocrx_word' id='word_1_219' title='bbox 622 3575 736 3637; x_wconf 89' lang='lat' dir='ltr'>Italica</span> <span class='ocrx_word' id='word_1_220' title='bbox 759 3574 858 3636; x_wconf 88' lang='lat' dir='ltr'>nitide</span> <span class='ocrx_word' id='word_1_221' title='bbox 882 3574 1055 3656; x_wconf 87' lang='lat' dir='ltr'>scriptum,</span> <span class='ocrx_word' id='word_1_222' title='bbox 1081 3573 1130 3634; x_wconf 88' lang='lat' dir='ltr'>cui</span> <span class='ocrx_word' id='word_1_223' title='bbox 1154 3573 1223 3652; x_wconf 85' lang='lat' dir='ltr'>plc-</span> 
     </span>
     <span class='ocr_line' id='line_1_34' title="bbox 101 3674 1223 3764; baseline -0.003 -22"><span class='ocrx_word' id='word_1_224' title='bbox 101 3702 235 3764; x_wconf 86' lang='lat' dir='ltr'>rumque</span> <span class='ocrx_word' id='word_1_225' title='bbox 264 3701 333 3740; x_wconf 90' lang='lat' dir='ltr'>cum</span> <span class='ocrx_word' id='word_1_226' title='bbox 365 3676 522 3741; x_wconf 90' lang='lat' dir='ltr'>Parisinis</span> <span class='ocrx_word' id='word_1_227' title='bbox 553 3678 739 3742; x_wconf 89' lang='lat' dir='ltr'>Achaintrii</span> <span class='ocrx_word' id='word_1_228' title='bbox 777 3688 870 3762; x_wconf 90' lang='lat' dir='ltr'>atque</span> <span class='ocrx_word' id='word_1_229' title='bbox 902 3677 1042 3741; x_wconf 86' lang='lat' dir='ltr'>editione</span> <span class='ocrx_word' id='word_1_230' title='bbox 1074 3674 1223 3758; x_wconf 91' lang='lat' dir='ltr'>principe</span> 
     </span>
     <span class='ocr_line' id='line_1_35' title="bbox 103 3782 267 3846; baseline -0.012 0"><span class='ocrx_word' id='word_1_231' title='bbox 103 3782 267 3846; x_wconf 90' lang='lat' dir='ltr'>convenit.</span> 
     </span>
    </p>

    <p class='ocr_par' dir='ltr' id='par_1_6' title="bbox 98 3883 1222 4383">
     <span class='ocr_line' id='line_1_36' title="bbox 164 3883 1221 3967; baseline -0.005 -17"><span class='ocrx_word' id='word_1_232' title='bbox 164 3887 227 3950; x_wconf 90' lang='lat' dir='ltr'>His</span> <span class='ocrx_word' id='word_1_233' title='bbox 257 3883 406 3949; x_wconf 85' lang='lat' dir='ltr'>subiunxi</span> <span class='ocrx_word' id='word_1_234' title='bbox 438 3885 546 3967; x_wconf 89' lang='lat' dir='ltr'>primo</span> <span class='ocrx_word' id='word_1_235' title='bbox 579 3887 655 3948; x_wconf 91' lang='lat' dir='ltr'>loco</span> <span class='ocrx_word' id='word_1_236' title='bbox 686 3886 841 3948; x_wconf 87' lang='lat' dir='ltr'>delectum</span> <span class='ocrx_word' id='word_1_237' title='bbox 876 3883 1221 3966; x_wconf 85' lang='lat' dir='ltr'>Epigrammatum</span> 
     </span>
     <span class='ocr_line' id='line_1_37' title="bbox 101 3986 1222 4072; baseline -0.005 -18"><span class='ocrx_word' id='word_1_238' title='bbox 101 3991 325 4055; x_wconf 90' lang='lat' dir='ltr'>concinnatum</span> <span class='ocrx_word' id='word_1_239' title='bbox 352 4012 393 4052; x_wconf 86' lang='lat' dir='ltr'>ex</span> <span class='ocrx_word' id='word_1_240' title='bbox 423 3990 627 4072; x_wconf 82' lang='lat' dir='ltr'>Anthologia</span> <span class='ocrx_word' id='word_1_241' title='bbox 649 3988 843 4061; x_wconf 88' lang='lat' dir='ltr'>Burmanni,</span> <span class='ocrx_word' id='word_1_242' title='bbox 882 3986 1085 4051; x_wconf 86' lang='lat' dir='ltr'>Collectione</span> <span class='ocrx_word' id='word_1_243' title='bbox 1109 3988 1222 4051; x_wconf 91' lang='lat' dir='ltr'>Pisau-</span> 
     </span>
     <span class='ocr_line' id='line_1_38' title="bbox 98 4091 1222 4176; baseline -0.007 -18"><span class='ocrx_word' id='word_1_244' title='bbox 98 4094 206 4171; x_wconf 89' lang='lat' dir='ltr'>rensi,</span> <span class='ocrx_word' id='word_1_245' title='bbox 240 4093 394 4156; x_wconf 87' lang='lat' dir='ltr'>Martiale</span> <span class='ocrx_word' id='word_1_246' title='bbox 421 4105 452 4154; x_wconf 94' lang='lat' dir='ltr'>et</span> <span class='ocrx_word' id='word_1_247' title='bbox 473 4092 639 4168; x_wconf 89' lang='lat' dir='ltr'>Ausonio,</span> <span class='ocrx_word' id='word_1_248' title='bbox 677 4102 864 4176; x_wconf 88' lang='lat' dir='ltr'>aptumque,</span> <span class='ocrx_word' id='word_1_249' title='bbox 902 4101 936 4150; x_wconf 92' lang='lat' dir='ltr'>ut</span> <span class='ocrx_word' id='word_1_250' title='bbox 959 4091 1096 4172; x_wconf 90' lang='lat' dir='ltr'>opinor,</span> <span class='ocrx_word' id='word_1_251' title='bbox 1132 4103 1162 4152; x_wconf 90' lang='lat' dir='ltr'>ct</span> <span class='ocrx_word' id='word_1_252' title='bbox 1182 4094 1222 4151; x_wconf 90' lang='lat' dir='ltr'>ad</span> 
     </span>
     <span class='ocr_line' id='line_1_39' title="bbox 98 4193 1219 4278; baseline -0.004 -20"><span class='ocrx_word' id='word_1_253' title='bbox 98 4199 240 4260; x_wconf 88' lang='lat' dir='ltr'>lectores</span> <span class='ocrx_word' id='word_1_254' title='bbox 261 4195 488 4258; x_wconf 88' lang='lat' dir='ltr'>exhilarandos</span> <span class='ocrx_word' id='word_1_255' title='bbox 510 4206 540 4256; x_wconf 89' lang='lat' dir='ltr'>et</span> <span class='ocrx_word' id='word_1_256' title='bbox 562 4199 601 4256; x_wconf 91' lang='lat' dir='ltr'>ad</span> <span class='ocrx_word' id='word_1_257' title='bbox 622 4217 711 4256; x_wconf 92' lang='lat' dir='ltr'>usum</span> <span class='ocrx_word' id='word_1_258' title='bbox 733 4193 898 4278; x_wconf 85' lang='lat' dir='ltr'>magistri,</span> <span class='ocrx_word' id='word_1_259' title='bbox 937 4193 1008 4278; x_wconf 91' lang='lat' dir='ltr'>qni,</span> <span class='ocrx_word' id='word_1_260' title='bbox 1047 4197 1118 4255; x_wconf 90' lang='lat' dir='ltr'>dnm</span> <span class='ocrx_word' id='word_1_261' title='bbox 1150 4215 1219 4255; x_wconf 88' lang='lat' dir='ltr'>eum</span> 
     </span>
     <span class='ocr_line' id='line_1_40' title="bbox 99 4295 1220 4383; baseline -0.006 -20"><span class='ocrx_word' id='word_1_262' title='bbox 99 4300 345 4383; x_wconf 89' lang='lat' dir='ltr'>interpretatur,</span> <span class='ocrx_word' id='word_1_263' title='bbox 371 4297 460 4362; x_wconf 83' lang='lat' dir='ltr'>varia</span> <span class='ocrx_word' id='word_1_264' title='bbox 479 4295 663 4361; x_wconf 85' lang='lat' dir='ltr'>literaturae</span> <span class='ocrx_word' id='word_1_265' title='bbox 680 4309 711 4362; x_wconf 91' lang='lat' dir='ltr'>et</span> <span class='ocrx_word' id='word_1_266' title='bbox 726 4296 923 4383; x_wconf 82' lang='lat' dir='ltr'>antiquitatis</span> <span class='ocrx_word' id='word_1_267' title='bbox 937 4300 1101 4362; x_wconf 86' lang='lat' dir='ltr'>Romanae</span> <span class='ocrx_word' id='word_1_268' title='bbox 1117 4295 1220 4376; x_wconf 87' lang='lat' dir='ltr'>capita</span> 
     </span>
    </p>
   </div>
   <div class='ocr_carea' id='block_1_3' title="bbox 0 0 1396 4762">
    <p class='ocr_par' dir='ltr' id='par_1_7' title="bbox 0 0 1396 4762">
     <span class='ocr_line' id='line_1_41' title="bbox 0 0 1396 4762; baseline 0 2"><span class='ocrx_word' id='word_1_269' title='bbox 0 0 1396 4762; x_wconf 95' lang='lat' dir='ltr'> </span> 
     </span>
    </p>
   </div>
  </div>
 </body>
</html>
