2782 4762
127 169 217 237 581

127 331 209 395 Esse
230 337 366 414 queunt3
390 322 511 409 duplici
531 332 644 387 natura
662 332 695 387 et
717 342 861 407 corpore
877 321 957 387 bino

127 436 182 498 Ex
204 429 391 515 alienigenis
409 427 560 493 membris
583 436 752 509 compacta
773 436 934 509 potestas,

127 535 215 600 Hinc
234 533 324 598 illinc
340 554 401 616 par
422 530 470 595 vis
492 542 611 596 utnon
633 528 681 594 sic
702 550 770 593 esse
793 527 954 614 potissit.

127 641 168 704 Id
189 637 265 701 licet
286 634 361 699 hinc
382 633 530 721 quamvis
550 631 659 697 hebeti
678 653 879 716 cognoscere
902 634 1015 695 corde.
1184 633 1247 696 880

190 737 380 821 Principio,
405 736 526 801 circum
548 735 651 799 tribus
672 733 752 798 actis
770 732 910 818 impiger
920 733 1018 798 annis

127 844 244 909 Floret
261 863 378 927 equus3
400 862 480 923 puer
503 840 588 901 haud
612 859 790 923 quaquam,
814 835 891 922 quin
910 857 1005 920 saepe
1023 835 1116 902 etiam
1138 847 1215 900 tunc

127 947 238 1013 Ubera
256 964 460 1006 mammarum
478 941 511 1006 in
533 940 653 1006 somnis
672 938 823 1003 lactantia
840 951 985 1025 quaeret.

127 1050 210 1113 Post
230 1045 286 1110 ubi
307 1067 422 1131 equum
446 1042 570 1107 validae
592 1043 678 1107 vires
700 1052 802 1106 aetate
824 1054 952 1106 senecta

127 1151 344 1232 Membraque
367 1143 517 1208 deficiunt
538 1143 675 1229 fugienti
696 1144 847 1230 languida
870 1145 954 1222 vita,
1184 1145 1247 1208 885

128 1255 211 1316 Τιιιιι
234 1253 375 1325 demum,
397 1245 514 1331 puerili
534 1268 616 1311 aevo
635 1247 790 1324 florente,
812 1247 958 1312 iuventas

129 1352 238 1421 Officit
259 1363 291 1416 et
313 1351 404 1416 molli
427 1348 523 1414 vestit
543 1349 693 1435 lanugine
714 1350 829 1415 malas:

127 1458 179 1521 Ne
199 1455 286 1519 sorte
308 1477 350 1519 ex
372 1455 502 1517 bomine
524 1463 556 1516 et
576 1451 723 1516 veterino
741 1451 859 1517 semine
883 1476 1040 1540 equorum

127 1558 276 1625 Confieri
296 1559 408 1622 credas
429 1555 611 1621 Centauros
636 1576 733 1637 posse
756 1577 858 1642 neque
881 1578 969 1634 esse,

128 1665 195 1727 Aut
214 1659 337 1724 rabidis
358 1658 490 1723 canibus
510 1656 689 1721 succinctas
704 1657 929 1723 *semimarinis
1186 1660 1250 1724 890

128 1761 338 1847 Corporibus
358 1760 483 1843 Scyllas
506 1771 538 1823 et
561 1771 666 1823 cetera
686 1763 725 1824 de
748 1782 864 1846 genere
887 1764 1021 1841 horum,

127 1867 218 1930 Inter
240 1887 273 1929 se
292 1886 430 1952 quorum
453 1861 616 1927 discordia
640 1865 782 1927 membra
804 1863 969 1928 videmus:

129 1969 220 2051 Quae
242 1989 345 2054 neque
365 1967 543 2031 florescunt
564 1965 687 2049 pariter
710 1989 770 2030 nee
791 1970 916 2033 robora
939 1978 1066 2030 sumunt

128 2069 336 2153 Corporibus
356 2091 459 2155 neque
480 2069 652 2151 perficiunt
672 2080 773 2133 aetate
794 2081 920 2134 senecta

128 2176 199 2237 Nec
221 2172 316 2236 simili
338 2174 468 2237 Venere
489 2175 658 2234 ardescunt
679 2192 737 2234 nec
761 2171 906 2235 moribus
925 2172 995 2236 unis
1186 2174 1248 2238 895

129 2275 335 2341 Conveniunt
356 2296 459 2361 neque
481 2284 552 2336 sunt
574 2277 684 2336 eadem
702 2273 841 2338 iocunda
863 2297 922 2358 per
945 2288 1053 2340 artus:

182 2512 241 2560 877.
262 2519 353 2572 queunt
371 2515 442 2559 etiam
462 2513 491 2557 C.
511 2512 541 2556 E.
561 2537 594 2546 -
613 2519 686 2572 qoeot
698 2538 707 2548 ·
721 2539 730 2549 ·
744 2521 874 2572 cornpocto
886 2521 1000 2572 poteetoe
1013 2517 1058 2564 Ar
1062 2517 1134 2561 -Ηιιι,
1161 2517 1250 2561 limno-

128 2590 197 2629 ratur
222 2585 277 2629 hue
302 2584 408 2639 opinioni
434 2583 579 2628 refellendae
604 2585 736 2638 respiciens
761 2599 808 2628 ιιοιι
827 2587 907 2629 solum
925 2586 1029 2630 fortasse
1048 2588 1077 2630 ad
1095 2586 1202 2630 fabulam
1220 2589 1250 2631 de

129 2655 272 2709 Centauris,
293 2655 335 2699 sed
356 2656 426 2698 etiam
446 2655 475 2696 ad
494 2653 646 2708 Empedoclis
665 2655 737 2698 ι11ιιο
766 2652 801 2711 (v.
817 2652 876 2699 210.
888 2656 937 2710 St.)
969 2651 1063 2704 πολλὰ
1080 2650 1173 2720 ptlv'
1154 2671 1252 2720 αμφι-

128 2720 275 2806 πρόσωπα
297 2721 349 2772 καὶ
373 2717 564 2803 ἀμφίστιρνα
586 2717 733 2784 φύεσθαι,
762 2721 907 2788 βουγενῆ,
937 2672 1151 2809 ἀνδρόπρωρα,
1171 2723 1252 2775 τὰδ’

127 2787 256 2874 ἔμπαλιν
273 2787 474 2872 sequererne
489 2787 659 2870 ἀνδροφυῆ,
688 2787 844 2872 βούκρανα
862 2797 1041 2878 μεμιγρένα
1063 2791 1100 2845 τὰ
1123 2789 1221 2859 μὲν
1202 2797 1252 2846 aio'

129 2859 259 2934 ἀνδρῶν,
288 2860 325 2933 τῇ
343 2861 374 2912 δὲ
392 2859 581 2928 γυναικοφυῆ
600 2866 731 2932 σκιεροῖς
748 2857 866 2927 ἠσκημε
860 2878 906 2912 να
925 2864 1029 2928 γυίοις
1062 2867 1250 2911 Ceteruchu·

129 2940 211 2979 tauros
230 2935 368 2991 Scyllasque
387 2937 447 2988 apud
467 2936 549 2988 poc'tas
575 2938 598 2976 et
621 2934 645 2976 iu
669 2934 772 2990 antiquis
790 2936 949 2979 monumentis
968 2937 1057 2990 passim
1078 2937 1189 2994 coniungi
1207 2936 1251 2980 ob·

129 3009 209 3049 servat
227 3005 336 3048 Visconti
356 3005 442 3047 Museo
460 3003 517 3046 Ριο
521 3003 599 3047 Clem.
614 3002 639 3047 5.
654 3016 677 3057 p.
693 3001 735 3048 21.
760 3003 834 3048 Lucr.
850 3002 879 3058 lt,
896 3002 954 3052 738,
981 3003 1157 3067 nen.6,286.
1188 3008 1249 3050 Stat.

129 3075 188 3118 sttv.
204 3069 233 3127 5,
249 3070 278 3127 3,
294 3070 354 3116 280.
399 3070 458 3116 879.
484 3074 538 3125 „lta
558 3077 583 3116 ut
602 3086 631 3115 ex
650 3078 749 3130 utraque
769 3079 835 3128 parte
855 3075 971 3128 monstri,
993 3089 1021 3120 ex
1040 3076 1134 3119 bomine
1154 3082 1208 3130 piata
1227 3080 1252 3120 et

129 3157 191 3200 equo
210 3143 356 3195 constantis¹
377 3147 479 3198 nequeat
497 3155 550 3186 esse
569 3155 613 3196 par
633 3144 723 3187 utilitas
742 3145 933 3188 membrorum.”
952 3145 1025 3188 Walt.
1055 3146 1168 3190 Ceterum
1180 3146 1250 3189 Brix.

128 3213 175 3256 bv.
189 3213 226 3256 lu.
239 3213 286 3257 Aa
308 3209 374 3257 Hinc
386 3212 458 3255 illinc
467 3225 518 3268 por
532 3211 569 3255 vie
588 3216 614 3255 ut
631 3225 681 3256 non
697 3227 749 3270 por
767 3227 823 3257 erse
838 3215 907 3272 potia
925 3215 969 3258 eit.
1006 3215 1097 3259 Contra
1114 3215 1163 3260 Et:
1183 3214 1252 3260 Hinc

128 3283 201 3326 illinc
220 3287 246 3325 ut
264 3295 314 3325 non
331 3281 365 3325 eit
380 3294 445 3339 pore
465 3295 520 3324 esse
537 3281 604 3338 potis
622 3282 666 3326 sit.
704 3282 747 3328 00.
769 3284 816 3328 0.;
845 3282 912 3327 Hinc
938 3284 1010 3329 illinc
1024 3285 1130 3342 purim:
1157 3291 1184 3329 ut
1201 3299 1253 3329 non

128 3353 163 3397 rit
179 3365 242 3409 pore
261 3365 317 3395 esse
334 3352 401 3409 potia
420 3351 471 3405 sit;
499 3353 558 3394 adeo
584 3356 609 3394 ut
633 3352 730 3396 minime
756 3355 844 3398 errarit
862 3354 952 3408 Wak.,
984 3356 1046 3413 quod
1065 3355 1196 3399 arbitratus
1214 3359 1252 3400 est

127 3422 204 3468 Forb.
243 3419 302 3466 882.
323 3422 348 3465 ln
363 3421 439 3465 Ccdd.
454 3426 523 3477 atque
536 3421 596 3465 Edd.
609 3426 665 3467 vett.
680 3423 747 3468 deest
757 3429 779 3467 et
793 3424 844 3476 ito,
862 3429 885 3467 et
898 3425 976 3482 quin;
995 3425 1040 3468 Cd.
1054 3425 1084 3470 ll.
1096 3423 1164 3469 baud
1173 3438 1252 3483 quon-

92 3493 95 3497 '
128 3505 296 3552 quamsaepe
316 3492 391 3535 etium
409 3505 485 3535 nurac.
524 3491 550 3535 ln
566 3495 689 3550 margine:
722 3494 808 3547 „Addo
822 3492 883 3546 sed;
903 3498 968 3536 muto
987 3488 1137 3554 quoquom.’'
1163 3495 1250 3540 CdC.

128 3583 161 3597 -
180 3560 249 3605 houd
267 3575 391 3621 quoquam
409 3561 484 3604 etium
503 3575 569 3604 niinc
587 3575 635 3606 om.
651 3563 711 3622 quin
723 3576 808 3620 coepe.
836 3564 911 3606 Huius
926 3565 980 3607 loco
993 3565 1038 3608 Ar.
1051 3566 1082 3612 P.
1098 3565 1253 3610 inseruerunt

128 3632 196 3691 quio.
217 3632 271 3676 Ald.
292 3632 361 3692 quin.
381 3628 599 3689 (hoitdquoquom,
615 3633 762 3691 quinroepe
776 3634 942 3684 etiamnunc)
959 3635 1028 3690 idque
1042 3636 1170 3692 revocavi3
1191 3636 1252 3694 quin

128 3702 182 3746 scil.
204 3702 345 3757 absorptum
362 3702 407 3745 luit
424 3716 437 3743 a
457 3703 613 3755 praecedente
631 3703 723 3753 syllaba
741 3718 824 3762 queem.
854 3703 938 3747 ltalam
958 3705 1167 3759 interpolationem
1187 3707 1251 3760 sapit

129 3773 187 3817 illud
205 3773 241 3815 ito
257 3774 326 3817 unius
342 3772 402 3816 Cod.
421 3771 581 3815 recentissimi
593 3770 631 3819 Ω.
649 3786 717 3830 quem
732 3775 807 3818 secuti
823 3779 877 3817 sunt
889 3774 932 3818 W.
946 3773 1040 3818 Eichst.
1060 3773 1129 3819 baud
1141 3777 1178 3819 ito
1190 3790 1252 3835 qua·

129 3854 220 3900 quom,·
237 3855 311 3900 coepe
330 3842 406 3885 etium
424 3855 504 3894 nunc,
525 3855 568 3896 pro
585 3857 632 3899 quo
648 3844 692 3886 Αν.
712 3844 741 3886 Ρ.
763 3858 810 3888 non
823 3845 887 3888 male
905 3843 981 3886 etium
1000 3849 1068 3889 tunc.
1092 3841 1166 3902 [quod
1190 3860 1252 3890 nunc

131 3910 255 3969 praetuli]
309 3910 368 3956 883.
390 3912 416 3955 in
429 3911 536 3968 romnis]
551 3914 583 3956 ila
596 3913 673 3956 codd.
685 3913 746 3957 Edd.
763 3928 846 3958 ornnes
859 3913 951 3958 Eichst.
966 3914 1037 3971 idque
1050 3929 1134 3960 versun
1153 3929 1251 3961 censeo.

128 3978 195 4025 Puer
213 3981 313 4024 triennis
332 3983 454 4025 somnians
473 3987 564 4025 tantum
582 3997 709 4027 mammam
728 3984 830 4040 quaerit.
858 3983 982 4028 insomnis
996 3986 1070 4030 Wak.
1085 3985 1149 4030 coni.
1163 3983 1253 4043 („diffi-

129 4051 196 4103 cilis,
212 4050 364 4108 querulus.'’)
392 4052 441 4095 Per
460 4051 564 4096 similem
580 4046 733 4114 α’βλεψὶαν
747 4067 829 4097 rerum
845 4054 989 4098 naturalium
1004 4056 1064 4104 llav.
1083 4056 1206 4100 lactantio
1223 4070 1254 4102 ex

130 4117 233 4165 3Codd.
247 4119 331 4177 (etium
341 4120 383 4176 E.)
393 4123 492 4176 recepit.
539 4123 576 4168 lb.
596 4129 706 4181 quaeret.
721 4124 755 4167 ltu
769 4123 844 4168 Ccdd.
860 4125 918 4168 Har.
930 4124 973 4169 W.
994 4149 1027 4160 —
1046 4126 1145 4186 quaerit
1158 4127 1202 4170 Αι.
1221 4126 1252 4171 L.

130 4187 190 4235 886.
203 4191 273 4235 ltatl.
282 4191 314 4235 E.
326 4205 339 4234 a
353 4204 391 4246 pr.
405 4205 438 4235 ιιι.
453 4192 481 4236 Α.
494 4193 536 4237 W.
550 4193 630 4238 Aser.
639 4207 672 4238 m.
682 4193 742 4238 inE.
754 4207 877 4250 superscr.
892 4206 926 4249 o;
945 4200 970 4240 ut
984 4197 1016 4240 sit
1021 4195 1133 4259 florenta
1140 4209 1151 4251 ;
1165 4197 1251 4243 etsie:
