2782 4762
85 367 186 448 Qrtod
207 364 350 452 quamvis
372 387 467 432 nemo
489 376 554 443 est,
580 364 668 429 cuius
692 363 854 430 referatur
875 365 914 428 ad
935 383 1046 442 autres,

149 469 204 537 Sic
225 481 330 534 tameo
352 471 486 534 absumo
509 468 700 552 decipioque
722 468 816 533 diem.

84 576 197 659 Ergo,
222 566 309 658 quocl
332 575 408 637 vivo
433 570 582 656 durisque
604 571 769 637 laboribus
793 572 889 636 obsto

148 678 220 742 Nec
242 697 291 739 nic
313 675 469 741 sollicitae
491 674 594 738 taedia
614 673 695 741 lucis
718 675 855 748 habent,
963 757 965 760 Ι

85 777 216 857 Gratia,
241 779 356 855 Musa,
380 777 458 841 tibi:
483 799 554 841 nam
577 775 749 842 tu'solatia
770 777 923 859 praebes,

149 884 202 946 Tu
223 902 320 945 curae
341 881 488 966 requies,
511 892 547 944 tu
569 879 723 968 medicina
746 879 854 967 venist
947 917 949 920 -

85 987 138 1049 Tu
161 986 244 1063 dux,
269 996 304 1048 tu
326 1005 434 1049 comes
458 1006 512 1048 es:
536 994 571 1048 tu
593 1005 654 1048 nos
678 983 807 1047 abducis
830 985 870 1047 ab
893 983 981 1047 Istro

101 1171 106 1177 Ἰ
148 1091 187 1156 In
209 1088 378 1174 medioque
401 1086 476 1150 mihi
498 1090 553 1150 das
576 1082 879 1152 Helicone‘locum.
1151 1083 1213 1148 120

84 1194 140 1256 Τιι
161 1191 236 1255 mihi
258 1193 360 1275 (quod
381 1211 488 1253 rarum
499 1191 525 1269 ,)
549 1188 626 1255 vivo
650 1188 782 1252 sublime
805 1189 919 1253 dedisti

147 1296 292 1370 Nomen,
318 1295 358 1356 ab
381 1290 541 1377 exsequiis
564 1293 653 1377 quod
675 1295 750 1360 darc
773 1293 873 1357 Fama
895 1292 1004 1375 solet,

84 1399 175 1474 Nec,
201 1396 256 1482 qui
278 1400 435 1461 detrectat
456 1394 657 1477 praesentia,
680 1394 789 1461 Livor
810 1394 922 1482 iniquo

147 1501 265 1564 Ullum.
280 1502 318 1564 de
340 1498 461 1565 nostris
483 1501 577 1563 dente
600 1498 773 1565 momordit
795 1520 891 1582 opus.

84 1606 167 1670 Nam
190 1602 322 1668 tulerint
344 1622 477 1687 magnos
500 1622 597 1686 quom
620 1602 726 1666 secula
749 1614 859 1666 nostra
881 1605 1016 1687 po'e‘tas,
1150 1603 1213 1667 125·

148 1709 227 1774 Non
248 1707 309 1772 tuit
330 1706 459 1793 ingenio
482 1707 582 1770 Fama
605 1706 741 1791 maligna
764 1728 849 1771 mco.

87 1812 260 1894 Quomque
281 1831 345 1895 ego
368 1818 564 1893 praeponam
587 1811 702 1874 multos
724 1809 817 1886 mihi,
843 1832 908 1877 non
931 1811 1036 1876 minor
1056 1810 1120 1875 iilis
1211 1804 1214 1811 ⁴

149 1913 254 1978 Dicor
276 1924 308 1976 et
328 1912 361 1976 in
382 1924 455 1976 toto
477 1911 635 1995 plurimus
658 1914 740 1976 orbe
762 1912 871 1998 legor.

87 2015 123 2079 Si
143 2015 221 2102 quid
241 2018 359 2082 habent
380 2015 482 2101 igitur
503 2026 609 2080 vatum
632 2017 801 2101 praesagia
823 2017 893 2082 veri
905 2059 921 2096 ‚.

148 2117 327 2196 Protinus,
349 2129 385 2182 ut
406 2117 543 2196 moriar,
568 2138 634 2181 non
657 2139 735 2195 ero,
760 2129 864 2198 terra,
888 2131 975 2185 tuus.
1151 2120 1213 2185 tto

87 2221 163 2285 Sive
184 2221 301 2286 favore
322 2221 381 2284 tuli
403 2223 472 2285 sive
492 2221 575 2285 hanc
597 2242 661 2305 ego
683 2221 823 2285 carmine
845 2222 980 2302 famam,

149 2325 226 2389 lure
247 2323 307 2388 tibi
329 2334 457 2408 grates,
481 2323 614 2389 candide
635 2325 759 2402 lector,
784 2346 862 2411 ago.

98 2518 101 2525 “
158 2506 217 2554 118.
245 2508 316 2553 conia
344 2520 398 2552 cum
424 2508 470 2554 Ed.
495 2508 569 2554 Eton.
598 2509 747 2554 restituimus
771 2522 801 2554 cx
819 2508 896 2557 codd.
915 2509 966 2557 tc‘rc
985 2510 1113 2568 omnibns3
1143 2514 1212 2559 suns

86 2591 160 2637 qnam
176 2583 289 2634 corrupte
307 2579 430 2638 tegeretur
448 2579 472 2625 in
488 2577 549 2624 Cot.
570 2580 632 2635 apud
651 2582 768 2633 eundern,
797 2587 973 2628 corrcnrant:
1002 2581 1079 2627 malis
1100 2580 1161 2626 Ccd.
1186 2581 1211 2628 1

86 2647 151 2692 malt
167 2649 192 2695 ἰι
212 2649 322 2707 margins
338 2649 455 2703 alterins,
475 2650 538 2707 quod
556 2649 652 2704 recepit
670 2650 753 2697 Reios.
773 2650 857 2696 Burin.
923 2649 981 2696 119.
1011 2651 1073 2697 Tres
1091 2663 1130 2694 nu
1154 2651 1213 2701 aab·

87 2716 176 2775 ducis,
193 2719 301 2777 totidem·
312 2731 357 2783 mc¹
368 2715 487 2774 deducis,
508 2717 559 2778 (ms
577 2717 679 2764 seducis
697 2719 795 2782 Heius.)

797 2726 801 2736 c

796 2765 801 2784 δ
