2782 4762
130 375 235 442 Hnins
258 379 297 440 ad
319 376 489 462 exsequias
512 377 641 460 plorant
664 372 859 463 iuvenesque
886 397 1063 462 sonesqnet

194 481 290 544 Hnne
311 490 378 543 tota
402 483 478 543 nubs
501 481 629 563 planctu
653 480 765 542 funcra
790 479 1011 564 prosequitur.

130 584 195 647 Sed
216 604 274 646 nec
296 584 420 647 bonone
443 593 531 644 earet
552 583 690 645 tumulus
712 583 907 667 sobolesque
929 592 1093 665 superstes

195 687 239 748 Et
261 685 384 748 sobolis
406 685 538 749 soboles
561 695 692 769 totaque
714 683 900 766 posteritas.

130 790 266 870 Semper
288 789 392 851 honos
415 807 594 872 nomenque
617 799 742 850 manent
764 796 797 851 et
818 797 965 869 postuma
986 787 1089 852 lama:

196 891 263 952 Sub
286 891 399 953 tellure
421 889 474 952 siti
496 887 600 975 glorie
624 901 727 953 morte
749 901 858 953 canet:

131 992 260 1056 Scilicet
283 991 476 1075 intrepidum
499 1013 592 1076 quein
615 1003 747 1055 stantem
770 1002 803 1055 et
826 990 1070 1076 belligerantem

82 1154 86 1160 .
194 1097 263 1159 Pro
286 1095 387 1177 [latria
411 1106 442 1158 et
464 1093 546 1157 natis
569 1095 664 1156 Mars
685 1094 773 1157 lentis
795 1092 948 1176 abripuit.

130 1197 266 1282 Fugerit
288 1207 320 1259 at
342 1196 453 1280 nigrae
475 1195 501 1260 si
524 1196 620 1279 longa
644 1194 766 1258 silentia
789 1193 893 1259 noctis

195 1301 239 1363 Et
260 1300 364 1382 spolia
387 1320 405 1363 e
426 1300 514 1364 bello
536 1299 644 1363 vietor
667 1298 771 1381 opima
795 1297 898 1375 senat,

130 1404 228 1466 Hune
252 1413 400 1465 venenata
423 1401 527 1465 minor
549 1400 645 1476 colit,
669 1401 753 1463 hnnc
775 1411 808 1465 et
828 1400 934 1466 serior
955 1411 1062 1467 aetese

194 1503 248 1567 Sin
270 1505 424 1569 tunutlntn
448 1503 548 1567 multo
570 1503 683 1586 plenus
705 1504 830 1569 honore
851 1504 951 1587 petite
1023 1488 1046 1535 ζ’

130 1605 232 1670 Cuius
254 1607 443 1670 honoratam
467 1606 591 1687 populo
614 1626 672 1668 nee
696 1606 829 1670 uocibus
852 1608 936 1670 euasit

194 1711 264 1770 Neo
286 1707 383 1770 ‹liutis'
400 1707 568 1792 qnisquam
591 1707 717 1770 laedere
739 1707 907 1773 canitiemt

129 1811 316 1894 Assingunt
338 1809 535 1873 illiiuvenes
566 1830 791 1892 aequaevaque
814 1812 926 1889 turba,

194 1915 379 1995 Asstngnnt
401 1932 489 1976 aevo·
503 1911 564 1974 iem
588 1910 741 1995 gravione
764 1933 870 1976 senes.

130 2017 206 2078 Hon
230 2037 312 2076 imno
333 2013 468 2100 quisque
490 2025 582 2097 paret
606 2013 732 2084 uirtutis
755 2017 908 2078 scandere
929 2015 1074 2093 eulmen,

193 2117 318 2185 Bellum
341 2117 502 2181 indefesso
523 2115 698 2181 sollicitans
720 2114 839 2180 studio.

1212 684 1257 750 30

199 2289 243 2349 28]
263 2291 299 2334 Ex
317 2305 421 2345 errore,
441 2291 479 2335 eui
498 2289 617 2335 obnoxius
634 2290 680 2343 fnit
698 2292 734 2335 vel
754 2291 877 2350 Scaliger,
897 2290 997 2336 Grotius
1015 2307 1109 2351 qnoque
1129 2293 1152 2339 lt.
1173 2294 1190 2340 l.
1204 2288 1252 2352 su.

129 2375 192 2406 nera
212 2376 277 2406 noan.
297 2375 353 2419 geo.
372 2361 429 2406 fem.
449 2361 529 2418 posuit
546 2373 591 2417 pro
605 2357 731 2434 praefice.
759 2360 812 2405 cte.
832 2375 904 2419 sopra
923 2361 1020 2408 Antbol.
1039 2363 1138 2409 tenum·
1156 2362 1203 2421 Ep.
1219 2360 1249 2415 ,3.
