2782 4762
164 195 226 258 184

225 355 400 438 Aureaque
423 351 570 416 Aesonio
593 363 685 436 terga
707 350 807 433 petita
830 348 929 416 duci?

163 456 314 524 Carmina
337 455 481 519 sublimis
504 467 579 518 tunc
604 465 675 517 suut
696 451 841 535 peritura
863 451 1017 527 Lucreti,

225 558 337 623 Exitio
360 571 464 639 terras
488 578 587 640 quom
610 554 697 618 dabit
718 577 779 618 una
805 555 885 619 dies.

162 661 298 743 Tityrus
321 672 352 724 et
375 671 504 744 segetes
529 659 716 740 Aeneiaque
739 679 824 721 arma
849 658 1014 743 legentur,

226 764 350 839 Roma,
374 759 561 842 triumphati
583 762 656 822 dum
679 771 775 841 caput
799 759 887 822 orbis
911 759 989 823 eris.

162 864 278 929 Donec
301 874 394 926 erunt
415 862 506 946 ignes
528 881 686 942 arcusque
710 858 877 943 Cupidinis
903 879 1014 936 arma,

225 966 398 1030 Discentur
420 963 562 1040 numeri,
588 963 678 1026 culte·
697 962 845 1042 Tibulle,
869 964 928 1037 tui.

164 1069 278 1133 Gallus
301 1081 332 1132 et
354 1066 525 1149 Hesperiis
548 1077 581 1129 et
603 1065 714 1128 Gallus
737 1075 832 1128 notus
859 1065 941 1130 Eois

225 1173 271 1236 Et
292 1192 347 1233 sua
370 1191 441 1232 cum
468 1169 565 1239 Gallo
589 1178 665 1232 nota
687 1167 830 1247 Lycoris
854 1167 926 1231 erit.

163 1275 258 1358 Ergo
282 1293 378 1354 quom
401 1271 529 1345 silices,
552 1291 649 1356 quom
672 1272 750 1333 dens
772 1269 922 1352 patieutis
948 1271 1049 1334 aratri

226 1376 411 1456 Depereant
434 1395 535 1450 aevo,
560 1371 698 1435 carmina
722 1383 824 1435 morte
848 1383 969 1435 carent.

165 1475 292 1542 Cedant
315 1475 505 1539 carminibus
526 1495 621 1559 reges
643 1485 822 1558 regumque
845 1473 1023 1557 triumphi;

230 1578 334 1645 Cedat
356 1589 388 1643 et
410 1577 543 1652 auriferi
568 1577 638 1660 ripa
661 1578 754 1655 beata
777 1577 875 1662 Tagi.

164 1681 253 1746 Vilia
277 1680 410 1745 miretur
432 1680 572 1762 vulgus3
595 1679 669 1743 mihi
690 1679 794 1744 ilavus
818 1680 941 1761 Apollo

229 1782 354 1848 Pocula
377 1781 535 1846 Castaliae
558 1782 650 1864 plena
672 1780 830 1844 ministret
852 1803 975 1865 aquae,

158 1885 407 1968 Sustineamque
429 1905 521 1948 coma
545 1895 732 1946 metuentem
755 1883 880 1968 frigora
904 1896 1061 1963 myrtum,

226 1990 337 2070 Atque
359 2009 375 2050 a
398 1986 538 2051 sollicito
562 1987 677 2050 multus
700 1997 824 2049 amante
847 1987 951 2071 legar.

165 2089 315 2154 Pascitur
335 2089 367 2151 iu
389 2088 474 2151 vivis
497 2087 623 2162 Livor;
646 2100 723 2169 post
746 2087 812 2151 fata
838 2088 997 2173 quiescit,

223 2170 337 2271 'Quom
359 2212 433 2252 suus
457 2212 496 2254 ex
521 2190 633 2255 merito
658 2211 816 2274 quemque
838 2202 945 2254 tuetur
967 2193 1087 2256 honor.

165 2294 258 2378 Ergo
281 2293 393 2367 etiam,
419 2315 516 2377 quom
539 2314 588 2356 me
610 2314 776 2374 supremus
800 2293 942 2357 adederit
963 2293 1065 2379 ignis,

226 2395 346 2458 Vivam
368 2416 508 2480 parsque
531 2394 591 2458 mei
613 2395 710 2458 multa
733 2407 899 2478 superstes
920 2395 997 2463 erit.

397 2559 743 2678 arroasiani
787 2582 965 2646 nouem
989 2583 1056 2646 rx.
1136 2616 1152 2630 2
1236 2538 1239 2544 ’

165 2704 343 2767 Memnona
365 2702 393 2766 si
416 2715 534 2779 mater,
560 2714 659 2765 mater
681 2701 822 2784 ploravit
844 2701 1024 2779 Achillem,

228 2809 272 2870 Et
293 2815 428 2890 tangunt
451 2826 582 2889 magnas
605 2805 705 2867 tristia
730 2804 796 2873 sata
819 2808 914 2880 deas,

164 2908 297 2975 Flebilis
319 2908 484 2993 indiguos,
509 2908 665 2992 Elegeia,
691 2908 783 2971 solve
805 2908 949 2990 capillos.

228 3012 283 3075 Ah
306 3010 396 3072 nimis
418 3031 459 3072 cx
482 3030 562 3072 vero
585 3031 669 3071 nrruc
691 3010 750 3072 tibi
774 3031 888 3074 norucu
911 3011 991 3074 erit!

164 3112 226 3176 lile
248 3111 295 3174 tui
318 3123 406 3174 vates
429 3111 559 3192 operis,
583 3122 636 3174 tua
656 3111 758 3188 sama,
782 3112 932 3176 Tibullus
1270 3121 1290 3182 5

233 3309 276 3357 23.
296 3311 398 3357 subtilis
415 3313 499 3359 Rartb.
522 3315 587 3358 coni.
635 3311 678 3359 24.
698 3315 750 3359 imo
768 3316 834 3360 Scal.
854 3316 899 3360 cfr.
920 3318 994 3361 Luer.
1015 3314 1040 3373 5,
1061 3315 1103 3363 96.
1152 3314 1194 3362 25.
1214 3331 1289 3378 aege-

163 3389 201 3428 tea
220 3382 296 3427 Codd.
311 3382 372 3426 Edu.
392 3388 461 3437 verb,
483 3388 507 3426 ut
533 3385 676 3446 respiciatur
697 3385 790 3429 initium
811 3384 960 3444 Georgicon.
971 3381 1070 3446 fruger
1086 3400 1115 3430 er
1138 3387 1192 3430 aliis
1209 3387 1288 3437 Codd.

163 3453 278 3508 praetulit
298 3453 381 3497 Heius.
437 3450 479 3497 26.
499 3453 550 3496 erit
567 3453 634 3498 laba.
690 3451 732 3500 29.
753 3453 883 3498 Cornelius
906 3454 1195 3509 Gallusi'oroiuliensis,
1215 3470 1288 3514 quae-

164 3523 211 3566 sita
222 3526 301 3566 morte
314 3522 497 3579 quadragesimo
514 3526 599 3566 aetatis
613 3524 746 3578 anrroobiit
759 3523 893 3578 praefectus
905 3525 1023 3584 Aegypto.
1040 3526 1101 3571 a.'u.
1119 3540 1141 3570 c.
1157 3522 1215 3571 728.
1233 3525 1289 3570 Cir.

163 3593 233 3650 Virg.
253 3591 306 3635 Ecl.
329 3589 353 3646 6,
374 3588 415 3636 64.
436 3590 489 3635 Ecl.
512 3588 552 3635 10.
610 3588 651 3636 dl.
673 3590 783 3652 benignu
802 3594 861 3646 aiii,
890 3594 905 3640 i.
928 3609 949 3639 e.
973 3594 1077 3651 fertilis3
1101 3593 1189 3648 beatu,
1210 3595 1288 3639 divos.

164 3657 207 3706 3⁶.
227 3658 341 3705 Castalio
361 3685 370 3695 -
389 3673 455 3719 apuu
474 3661 591 3718 plerique.
628 3662 710 3714 „Fere
735 3674 830 3716 semper
857 3662 927 3706 Ovid.
947 3664 1050 3721 plenum
1070 3677 1122 3708 cum
1147 3677 1202 3722 gen.
1230 3677 1288 3707 con-

163 3730 261 3774 struit.”
278 3731 363 3774 Heius.
420 3726 461 3774 lu.
483 3728 553 3773 Turre
572 3731 637 3784 Alii,
658 3731 719 3774 uode
739 3730 811 3775 lahu:
832 3729 907 3777 Tum.
967 3731 1010 3777 42.
1030 3734 1110 3776 multu
1129 3733 1205 3777 Codd.
1226 3733 1289 3778 Edd.

163 3802 223 3847 rett.
243 3799 327 3844 Burm.
348 3822 381 3832 -
400 3811 496 3859 rnogrrcr
514 3813 527 3844 e
546 3799 621 3844 Codd.
643 3797 668 3845 2.
688 3799 752 3844 Cios.
773 3800 857 3845 lleius.

510 3904 613 3950 AMOR.
633 3903 689 3950 Lae.
709 3906 753 3951 tlt.
782 3906 878 3955 BLEG.
899 3907 946 3952 ΙΧ.

235 3997 277 4045 14.
297 3997 403 4058 eretria]
416 4001 497 4055 plnres
515 4001 685 4060 Codd.,quod
705 4004 798 4048 collatis
812 4005 884 4061 Virg.
904 4003 965 4049 A'en.
989 4000 1030 4058 1⁰,
1051 4001 1110 4050 63³¹.
1131 4011 1154 4050 et
1177 4006 1234 4050 Tib.
1255 4004 1289 4062 2,

164 4068 195 4122 5,
217 4065 259 4114 49.
280 4071 360 4127 utique
387 4071 570 4125 praeferendum
597 4072 732 4118 ridebatur.
758 4072 830 4116 recres
857 4074 939 4132 vulgo.
1007 4071 1048 4118 18.
1070 4079 1163 4132 potunt
1183 4075 1228 4120 Ed.
1249 4089 1289 4130 pr.

164 4137 265 4184 Tibulli.
289 4137 313 4183 r.
336 4138 441 4184 Disseuii
460 4141 582 4196 supplem.
606 4143 633 4185 ad
657 4142 748 4186 Wuud.
769 4142 807 4186 ed.
828 4154 851 4196 p.
873 4139 914 4186 62.
935 4157 980 4200 qua
1006 4145 1034 4186 de
1053 4158 1080 4188 re
1106 4143 1152 4188 cfr.
1172 4143 1294 4190 Heindorf

162 4211 193 4255 ad
210 4197 295 4254 llo‘rat.
314 4207 393 4253 Serm.
416 4207 448 4264 1,
470 4206 500 4264 l,
532 4206 575 4254 24.
604 4210 740 4265 βονηὴιτά.
765 4215 790 4255 et
812 4211 893 4255 Beier.
919 4213 947 4254 ad
973 4211 1025 4256 Cic.
1052 4216 1080 4256 de
1100 4213 1142 4256 off.
1165 4211 1188 4268 l,
1210 4211 1241 4267 2,
1263 4212 1288 4258 5.

162 4273 205 4324 23.
226 4278 262 4322 lla
290 4279 318 4324 de
341 4279 403 4327 coni.
427 4278 491 4323 Scal.
514 4283 537 4324 et
564 4279 646 4327 lleins.
675 4280 752 4328 Codd.
775 4282 889 4325 meliores
916 4285 1015 4338 utroque
1053 4283 1107 4326 loco
1129 4280 1163 4326 Et
1191 4280 1291 4339 Linon3
