2782 4762
179 181 219 246 tt

100 386 103 391 -
179 337 328 426 Vitigeni
355 337 482 403 laticem
507 334 695 402 mortalibus
715 332 911 411 instituisse;

185 441 292 522 Quom
313 451 418 505 tamen
438 439 489 503 his
509 450 620 524 posset
642 437 710 502 sine
732 440 830 502 rebus
854 436 921 501 vita
939 457 1083 513 manere,

178 545 224 610 Ut
244 545 360 609 famast
380 541 504 627 aliquas
524 541 619 606 etiam
643 563 726 604 nunc
749 539 859 605 vivere
883 539 1024 625 genteis:

180 649 330 711 Athene
352 667 417 710 non
438 654 568 728 poterat
588 643 655 708 sine
675 664 759 726 puro
780 653 915 726 pectore
940 643 1021 706 rivi.

180 748 256 829 Quo
280 746 381 834 magis
401 746 456 811 hic
477 745 593 811 merito
615 744 710 810 nobis
732 746 821 812 Deus
839 766 908 808 esse
929 744 1072 819 videtur,

180 853 236 916 Ex
257 872 323 937 quo
346 847 544 913 nuncetiam
567 870 626 931 per
649 869 780 934 magnas
803 846 901 910 didita
924 846 1047 932 genteis

179 952 297 1018 Dulcia
318 951 517 1035 permulcent
537 950 659 1016 animos
680 950 797 1015 solatia
818 949 916 1014 vitae.

243 1054 398 1119 Herculis
418 1053 568 1118 antistare
588 1065 691 1118 autem
711 1052 738 1118 si
758 1052 843 1116 facta
867 1050 1014 1135 putabis,

180 1156 329 1242 Longius
347 1178 365 1220 a
386 1178 463 1220 vera
486 1156 586 1220 multo
605 1155 731 1220 ratione
753 1154 873 1219 ferere.

86 1304 89 1308 -
181 1258 268 1340 Quid
287 1262 464 1323 Nemeaeus
482 1258 564 1323 enim
584 1257 680 1323 nobis
698 1280 782 1323 nunc
804 1282 937 1350 magnus
956 1261 1061 1329 hiatus

179 1363 241 1432 Ille
262 1362 368 1431 leonis
390 1367 518 1430 obesset
538 1375 570 1428 et
591 1365 729 1432 horrens
752 1365 914 1431 Arcadius
936 1367 1011 1432 sus?

180 1470 329 1557 Denique
352 1469 430 1556 quid
452 1469 569 1535 Cretae
589 1482 700 1533 taurus
720 1473 930 1557 Lernaeaque
952 1469 1070 1553 pestis,

181 1577 315 1656 Hydra,
339 1572 501 1637 venenatis
524 1585 634 1655 posset
657 1573 773 1635 vallata
794 1573 961 1636 colubris?
1042 1597 1044 1599 ’

182 1676 310 1757 Quidve
333 1675 516 1758 tripectora
537 1673 707 1759 tergemini
725 1673 774 1737 vis
797 1676 987 1756 Geryonai?

184 1781 229 1844 Et
246 1777 416 1844 Diomedis
438 1776 532 1863 equei
557 1775 716 1859 spirantes
738 1776 869 1840 naribus
892 1777 1017 1862 ignem,

184 1883 335 1945 Thracen
358 1879 584 1964 Bistoniasque
606 1879 719 1963 plagas
741 1890 834 1964 atque
857 1880 979 1943 Ismara
999 1891 1153 1963 propter,
1263 1882 1305 1945 30

183 1985 291 2047 Tanto
318 2003 417 2064 opere
438 1983 603 2045 officerent
623 1980 720 2044 nobis
743 1980 909 2067 [uncisque
932 1982 1089 2047 timendae

182 2083 353 2170 Unguibus
372 2082 534 2147 Arcadiae
558 2081 722 2160 volucres]
746 2083 935 2165 Stymphala
958 2086 1124 2150 colentes?

182 2190 357 2272 Aureaque
377 2184 593 2269 Hesperidum
615 2205 747 2247 servans
767 2185 926 2270 fulgentia
947 2188 1052 2264 mala,

181 2290 308 2373 Asper,
332 2289 449 2351 acerba
470 2297 582 2362 tuens,
604 2285 733 2349 immani
756 2308 899 2370 corpore
920 2311 1070 2372 serpens,

183 2389 328 2458 Arboris
351 2390 516 2474 amplexus
538 2388 687 2472 stirpem3
711 2387 789 2475 quid
811 2389 948 2476 denique
971 2393 1115 2468 obesset,
1263 2396 1304 2459 35

236 2592 279 2642 29.
298 2594 376 2640 Godd.
395 2607 478 2640 omnes
502 2593 586 2652 (etiam
604 2593 633 2639 C.
646 2593 678 2639 E.
698 2598 737 2648 et,
757 2597 784 2638 ut
801 2593 902 2649 opinor,
923 2593 997 2639 Vind.
1016 2595 1060 2638 etsi
1079 2593 1190 2654 arubigne
1206 2595 1305 2641 Alteros

182 2677 207 2711 v.
222 2662 265 2710 31.
280 2661 323 2711 ³2.
336 2661 366 2709 ab
379 2679 408 2710 eo
421 2665 498 2709 omitti
511 2660 610 2720 refert.)
622 2663 684 2709 Edd.
703 2668 763 2708 vett.
781 2660 814 2707 Et
829 2661 963 2707 Diomedis
981 2664 1067 2722 equei‚
1087 2665 1215 2721 spirantes
1233 2667 1305 2711 nari·

184 2734 231 2780 bue
251 2735 337 2795 ignem
356 2732 437 2779 Tanto
454 2747 529 2792 opere
547 2729 680 2795 officerent
702 2732 775 2778 nobie
792 2730 944 2791 Stymphala
962 2734 1071 2778 colentes
1090 2731 1204 2779 Thracio
1220 2733 1304 2781 Bisto-

183 2805 288 2865 niaeque
302 2805 400 2864 plagae
420 2810 492 2864 atque
509 2802 611 2848 Ismara
626 2802 748 2861 propter?
778 2816 833 2847 cum
856 2803 969 2848 varietate
995 2804 1036 2847 vix
1054 2804 1127 2848 ullius
1145 2807 1261 2851 metuenti
1279 2819 1304 2851 v.

183 2889 207 2920 e.
227 2872 371 2938 efficerent,
391 2872 542 2931 stimpltaia,
564 2870 692 2928 Trbacia,
714 2868 822 2917 Trliatia
834 2872 944 2921 uwel.
975 2872 1093 2918 Avancins
1111 2874 1204 2929 primus
1221 2877 1304 2933 trutge-

183 2949 233 2989 tam
257 2945 384 2990 lectionem
409 2944 513 2991 exhibet.
545 2941 621 2986 Plura
643 2943 779 3004 iarndudum
804 2941 828 2986 h.
854 2941 871 2986 l.
899 2941 995 2985 turbata
1018 2943 1093 2987 fuisse
1117 2949 1230 2999 apparet,
1262 2946 1305 2988 sed

183 3027 256 3073 quum
279 3015 362 3058 doctus
390 3014 476 3071 aliquis
503 3013 662 3067 interpolator
685 3025 798 3057 versuum
821 3012 1009 3067 transpositione
1036 3018 1061 3057 et
1078 3015 1243 3068 supplemento
1262 3015 1304 3058 illo

184 3083 304 3142 uncisque
323 3107 334 3118 ·
352 3107 362 3118 -
381 3083 494 3126 uolucres
512 3082 573 3125 hand
592 3082 722 3127 infeliciter
740 3096 769 3127 eu
786 3082 951 3140 redintegrare
970 3087 1069 3126 conatus
1088 3083 1133 3137 sit,
1171 3081 1238 3141 (nom
1261 3085 1304 3127 bo·

186 3154 271 3210 dieque
290 3149 395 3195 artifices
413 3153 437 3197 in
455 3149 571 3209 lingendis
590 3151 792 3205 Stymphalidibus
817 3156 949 3208 sequuntur
966 3153 1043 3196 nostri
1063 3153 1225 3197 emendatoris
1243 3153 1304 3197 iudi·

185 3223 248 3267 cium
259 3233 266 3278 3
277 3234 302 3265 v.
310 3222 419 3265 visconti
430 3220 516 3264 Museo
523 3220 742 3265 Pio·Cle1nentino.
754 3222 785 3264 Τ.
797 3221 840 3268 lv,
849 3234 873 3276 p.
885 3218 945 3265 263.
953 3221 999 3268 Ed.
1007 3220 1120 3276 Mediol.)
1134 3235 1177 3267 nec
1189 3235 1305 3278 respuen-

185 3292 240 3337 tlanr
257 3290 313 3334 duxi
331 3291 460 3335 lectionem
479 3286 615 3342 Tbracen;
634 3291 671 3333 cui
691 3303 720 3334 ex
739 3290 807 3336 codd.
820 3290 863 3334 W.
877 3291 970 3335 Eichst.
986 3290 1162 3337 substituerunt
1175 3290 1305 3346 'I'lrracia5

184 3361 241 3406 luca
260 3358 325 3406 enirn
343 3359 486 3417 cogitatione
505 3359 611 3413 suppleri
630 3371 701 3413 posse
720 3360 761 3403 rix
772 3358 888 3404 arbitror.
909 3360 935 3403 ln
949 3360 1037 3405 talibus
1050 3361 1159 3416 prolecto
1171 3367 1213 3405 aut
1226 3361 1303 3406 cont.

185 3430 257 3476 lectio
277 3430 385 3487 quemvis
405 3442 488 3473 russea
506 3428 557 3472 sine
577 3430 625 3473 ulla
642 3429 758 3474 varietate
776 3429 899 3474 retinenda
918 3435 955 3474 est
972 3436 1012 3475 aut
1027 3431 1051 3474 iu
1065 3429 1197 3475 levioribus
1209 3444 1305 3488 quoqne

184 3500 333 3546 correctoris
351 3498 439 3543 iudicio
458 3497 679 3552 obtemperandum.
710 3495 848 3543 Thraciam
860 3499 985 3553 dissyllab.
1002 3499 1160 3545 ediditForb.
1207 3497 1249 3545 36.
1269 3501 1306 3544 lto

93 3563 117 3595 ·“
186 3570 263 3616 cett.
287 3566 312 3614 4.
331 3567 393 3614 Edd.
411 3572 470 3613 vett.
489 3567 535 3613 Ar.
550 3567 581 3611 P.
601 3565 697 3611 Oceani
704 3573 810 3626 propter
822 3568 852 3613 A.
867 3568 915 3613 Alii
930 3569 1006 3614 Codd.
1025 3569 1131 3626 Propter
1148 3567 1303 3623 Arianeam,

184 3639 355 3692 Accianeum,
375 3636 523 3691 Ationeam,
542 3634 704 3691 Actioneum,
732 3640 792 3682 unde
810 3637 897 3682 Larnb.
921 3641 1015 3684 demum
1036 3637 1142 3695 Propter
1162 3637 1306 3684 Atlanteum

184 3711 252 3756 lecit.
271 3710 301 3754 ll.
312 3708 355 3752 W.
368 3708 460 3753 Eicbst.
485 3706 582 3751 Etenim
601 3707 688 3765 ubique
706 3707 757 3752 fere
776 3707 907 3764 obliterare
925 3713 1076 3753 tentaverunt
1094 3709 1188 3753 librarii
1206 3709 1305 3753 adiecti-

185 3793 240 3835 vum
258 3777 391 3833 Oceanus,
422 3777 468 3822 nisi
493 3777 532 3820 ubi
558 3778 623 3820 nulla
647 3777 749 3833 denique
772 3778 865 3821 ratione
890 3778 1011 3832 corrumpi
1038 3782 1132 3832 poterat
1150 3779 1225 3823 veluti
1244 3778 1304 3823 'Pau

186 3848 272 3893 Annal.
286 3845 315 3902 1,
333 3845 357 3892 9.
377 3847 446 3891 mari
462 3844 572 3890 Oceano.
604 3842 735 3903 [Pompon.
750 3847 815 3890 Mela
827 3843 857 3900 3,
872 3842 897 3891 ³.
917 3845 1057 3892 Germania
1069 3873 1079 3883 -
1092 3872 1102 3884 ·
1118 3845 1219 3906 Oceano
1230 3848 1306 3892 litore

186 3916 292 3963 obducta
309 3921 364 3960 eet:
382 3918 445 3974 quod
463 3917 597 3970 exemplum
614 3930 667 3960 rem
685 3914 795 3966 conficit:
814 3916 888 3959 habes
906 3917 954 3960 iam
973 3918 1088 3964 insoluta
1101 3918 1212 3962 oratioue
1225 3915 1307 3961 Ocea·

185 4000 246 4032 nam
263 3985 333 4030 litus.
353 3986 399 4031 ctr.
418 3990 544 4042 praeterea
557 3984 666 4030 Oudend.
682 3987 712 4029 ad
725 3985 855 4030 Caesarem
867 3986 897 4029 Τ.
912 3984 934 4030 1.
947 3999 971 4041 p.
984 3984 1009 4030 8.
1022 3986 1067 4030 Ed.
1079 3987 1168 4045 Stuttg.
1191 3987 1307 4032 Ceterum

186 4057 231 4103 (ld.
251 4055 282 4100 E.
302 4053 362 4098 banc
379 4055 451 4100 hebet
467 4052 697 4123 διττογραφίανε
717 4052 846 4098 Oceanum
859 4061 965 4112 propter
981 4055 1043 4101 litae
1056 4056 1194 4116 pelagique
1212 4069 1307 4109 sonora

186 4125 293 4183 Propter
310 4123 410 4168 actione
428 4123 471 4168 ubi
486 4125 548 4170 litua
563 4124 699 4184 pelagique
717 4138 814 4170 seuera.
835 4125 880 4170 Cd.
893 4124 938 4171 C.:
957 4123 1062 4182 Propter
1074 4127 1233 4177 nectianeum
1244 4126 1306 4171 litae

183 4195 320 4256 pelagique
338 4191 373 4252 e.]
391 4217 425 4228 -
438 4194 576 4254 pelagique
594 4207 683 4239 seuera
700 4196 743 4240 W.
757 4195 851 4241 Eichst.
879 4196 926 4240 Sed
945 4193 1060 4250 iidemo,
1081 4192 1141 4250 619,
1161 4195 1201 4240 ubi
1221 4197 1306 4241 eadem
1371 4201 1378 4208 “

187 4265 291 4315 varietas
306 4264 425 4321 recurrit,
445 4265 561 4310 dederunt
575 4265 683 4325 pelage,
704 4265 793 4312 atinde
803 4265 911 4312 abaoth.
923 4265 949 4315 h.
961 4266 978 4314 l.
992 4278 1087 4324 quoque
1101 4265 1232 4323 edebatur,
1251 4279 1306 4311 cnm
