2782 4762
186 195 248 256 910

185 351 250 431 Qui
270 349 348 412 iuris
372 352 474 414 nodos
498 362 529 412 et
550 352 656 433 legum
681 350 855 433 aenigmata
878 351 995 412 solvat.

185 452 248 516 Hic
269 452 349 533 petit
371 453 560 533 Euphraten
582 452 703 514 iuvenis
726 451 899 536 domitique
921 451 1037 514 'Batavi

186 555 346 619 Custodes
369 553 510 638 aquilas,
537 555 630 615 armis
652 553 846 616 industrius:
872 565 903 616 at
926 565 960 616 tu

186 656 239 719 Nil
263 655 322 718 uisi
344 654 543 737 Cecropides
566 666 747 737 truncoque
770 655 945 719 simillimus
969 657 1130 720 Hermae:
1206 669 1213 678 '

184 759 283 823 Nullo
306 758 427 842 quippe
450 757 512 821 alio
537 757 635 820 vincis
660 757 857 831 discrimine,
883 780 975 841 quam
999 763 1085 842 quod

184 860 237 924 llli
260 881 471 924 marmoreum
494 871 589 940 eaput
613 872 677 935 est,
702 873 755 923 tua
778 860 858 923 vivit
880 860 1001 944 imago.

186 963 250 1027 Dic
272 963 363 1037 mihi,
389 963 590 1024 Teucrorum
613 963 740 1044 proles,
765 963 909 1025 animalia
934 976 1020 1027 muta

187 1065 266 1145 Quis
290 1084 447 1148 generosa
469 1075 559 1144 putat
582 1063 640 1125 nisi
661 1063 788 1126 fortia?
810 1068 935 1146 Nempe
959 1067 1124 1131 volucrem

185 1166 239 1229 Sic
262 1167 423 1229 laudamus
446 1188 579 1250 equum,
603 1166 689 1229 facili
712 1167 761 1230 cui
784 1167 920 1248 plurima
943 1169 1045 1249 palma

184 1269 305 1332 Fervet
327 1281 358 1331 et
380 1269 519 1331 exsultat
540 1289 640 1331 rauco
665 1269 800 1331 victoria
823 1270 925 1379 circo.

184 1371 312 1435 Nobilis
336 1371 403 1446 hic,
428 1392 619 1454 quocunque
642 1370 730 1433 venit
753 1374 790 1434 de
814 1340 972 1455 gramine,
998 1372 1085 1436 cuius

185 1472 283 1538 Clara
305 1473 382 1556 luga
405 1484 477 1534 ante
500 1473 580 1536 alios
604 1484 634 1534 et
656 1472 776 1552 primus
799 1474 830 1536 in
853 1495 994 1559 aequore
1017 1475 1137 1556 pulvis.

185 1577 249 1638 Sed
272 1575 382 1638 venale
405 1595 502 1656 pecus
526 1574 694 1653 Corythac
716 1575 890 1656 posteritas
914 1589 944 1638 et

184 1675 331 1760 Hirpini,
356 1677 382 1739 si
405 1698 478 1738 rara
501 1677 578 1760 iugo
601 1675 750 1740 Victoria
773 1678 866 1740 sedit.

184 1779 239 1842 Nil
261 1779 306 1842 ibi
329 1778 481 1842 maiorum
505 1791 689 1860 respectus,
717 1779 819 1862 gratia
842 1781 927 1843 nulla

185 1880 393 1945 Umbrarum·
420 1881 567 1944 dominos
590 1880 701 1962 pretiis
726 1894 853 1946 multare
868 1883 1018 1953 iubentur

184 1983 248 2047 Exi
275 1982 341 2064 uis,
366 1982 442 2046 trito
466 1985 622 2047 du'cunte
647 1984 745 2045 iredia
768 1974 856 2048 collo

185 2085 381 2168 Segutpedes
405 2084 556 2168 dignique
580 2007 781 2149 midila'wm
718 2102 848 2149 versare
872 2088 1023 2191 Nepotis.

185 2188 297 2269 Ergo,
327 2198 359 2248 ut
382 2188 531 2301 mirqmur
548 2198 622 2285 'rte’
630 2208 692 2250 ιιοιι
716 2198 791 2261 tua,
813 2186 949 2268 primum
973 2189 1093 2273 aliquid
1114 2191 1169 2265 da,

186 2289 284 2368 Quod
308 2308 426 2368 possim
449 2286 546 2349 titulis
569 2267 706 2350 incidere
729 2300 858 2370 praeter
879 2292 1042 2366 honores,

186 2390 278 2469 Quos
300 2388 360 2450 illis
383 2391 491 2450 damus
514 2409 552 2451 ae
575 2388 739 2465 dedimus,
764 2392 879 2473 quibus
903 2392 1005 2456 omnia
1030 2394 1139 2455 debes.
1265 2394 1306 2454 70

228 2492 319 2554 Hace
341 2489 415 2552 satis
439 2489 509 2552 ad
500 2477 666 2571 iuvenem,
692 2513 784 2574 quem
809 2493 903 2555 nobis
922 2493 1007 2556 fama
1030 2496 1200 2576 superbum

152 2652 155 2657 .
186 2593 300 2656 Tradit
323 2605 353 2655 et
374 2592 515 2654 inflatum
538 2535 729 2676 plenilluque
752 2595 883 2659 Nerone
905 2596 1105 2681 propinquo.

186 2697 291 2759 Rarus
307 2695 394 2757 enim
416 2696 516 2757 ferme
533 2714 647 2757 sensus
670 2695 847 2759 eommunis
868 2696 901 2758 in
924 2697 978 2759 illa

183 2797 343 2860 Fortuna.
384 2798 455 2859 Sed
477 2807 507 2858 te
523 2795 651 2858 censeri
673 2796 766 2858 laude
788 2807 931 2876 tuorum,

187 2897 340 2972 Pontice,
364 2897 539 2971 noluerim,
564 2897 610 2959 sic
633 2909 666 2959 ut
688 2896 765 2959 nihil
787 2897 854 2980 ipse
876 2899 1003 2962 suturae
1266 2903 1305 2965 75

188 2985 307 3062 Laudis
331 3020 420 3082 agas.
466 2998 623 3061 Miserum
646 3009 694 3060 est
716 2998 834 3062 alienae
856 2999 1040 3063 incumbere
1061 3000 1184 3079 famae,

256 3211 297 3258 62.
317 3209 453 3272 Corythus]
471 3214 510 3257 Sic
529 3213 581 3257 FG
600 3215 741 3272 Vulgo-
712 3214 856 3257 -eoritcc
872 3213 924 3258 AC.
945 3238 977 3247 -
987 3211 1091 3260 ,caristie
1109 3213 1237 3259 11190.-
1260 3210 1305 3260 Co·

185 3277 244 3340 ryfa
263 3282 360 3336 Schol,
377 3284 453 3326 .'unde
472 3282 590 3326 Schurzfl.
610 3284 686 3327 secuti
705 3283 887 3327 Weberiambo
906 3297 952 3326 nou
971 3264 1033 3328 iuale
1054 3279 1213 3342 Coryphaei5
1231 3297 1305 3341 quum

185 3353 224 3395 rix
243 3331 376 3409 excogitari
390 3353 504 3406 possit„
511 3365 553 3394 cur
572 3349 711 3410 Corythus,
731 3365 778 3396 nou
796 3349 901 3410 Corythi
917 3352 1032 3406 seriptum
1052 3354 1083 3396 sit
1101 3358 1124 3395 et
1141 3353 1237 3407 priores
1255 3354 1304 3407 syl·

186 3420 269 3472 tabae,
290 3434 349 3478 quae
369 3422 453 3465 breves
475 3425 530 3464 suut
544 3422 605 3475 apud
617 3423 688 3479 virg
707 3420 770 3467 Aen.
793 3419 822 3474 7,
843 3417 902 3465 209.
919 3419 947 3475 9,
970 3418 1012 3466 10.
1032 3426 1056 3465 et
1076 3418 1146 3474 719.,
1166 3421 1190 3465 la.
1204 3422 1231 3465 ·.l
1248 3435 1305 3476 pro-

185 3492 310 3534 ducantur.
348 3491 372 3533 si
390 3493 511 3544 scriptura
522 3487 652 3548 Corythus
673 3504 731 3534 uera
749 3495 794 3544 est,
810 3503 903 3545 ⁴equum
922 3490 1059 3547 intelligo
1052 3503 1076 3532 ιιι
1090 3494 1177 3535 ruente
1196 3489 1305 3543 Corytho

179 3561 223 3604 sel
241 3560 265 3602 in
281 3559 379 3618 regione
402 3572 476 3613 prope
495 3557 645 3612 Corythum,
665 3559 779 3602 Etruriae
797 3559 895 3611 urbem,
916 3559 1059 3602 nutritum.”
1095 3558 1159 3602 llaec
1178 3559 1228 3602 ille.
1248 3558 1306 3603 Ain·

185 3628 282 3687 biguurn
309 3630 365 3673 item
387 3642 472 3671 nornen
492 3628 585 3682 Hirpini
609 3624 731 3684 (Harpinr'
749 3624 802 3683 R),
823 3632 901 3670 utrum
920 3628 950 3669 ab
971 3628 1078 3682 Hirpinis
1096 3628 1303 3681 populonensis,

185 3697 303 3756 contiguis
322 3697 483 3750 Surnoitibns,
503 3710 550 3750 an,
570 3698 631 3752 quod
645 3698 696 3740 vult
709 3696 799 3750 st.,
819 3696 848 3739 ab
867 3691 961 3762 ΐρπος,
982 3697 999 3739 i.
1014 3710 1045 3739 ·e.
1065 3688 1178 3763 ἄρκος,
1196 3688 1304 3764 ἅρπαξ,

186 3766 269 3821 lupus,
290 3767 313 3809 iu
332 3768 411 3824 lingua
432 3767 585 3809 Sabinorum.
622 3765 746 3821 Equorum
764 3767 830 3809 varia
848 3765 944 3808 uomina
963 3764 1036 3809 habes
1055 3764 1078 3807 in
1099 3764 1221 3818 Inscripti.
1244 3766 1304 3808 meis

185 3836 239 3883 Lat.
264 3835 294 3880 N.
314 3832 373 3880 891.
400 3832 478 3880 2593.
503 3831 580 3879 1122.
629 3831 670 3878 60.
683 3834 796 3892 tritoque
821 3833 914 3877 diseunt
932 3833 963 3878 T.
984 3835 1016 3876 al.
1036 3832 1115 3879 Scrib.
1139 3831 1306 3890 spirsds'ovei

185 3903 345 3962 spirrksdic,
375 3919 421 3948 nou
439 3917 497 3949 vero
515 3901 654 3960 epirhedia.
676 3903 830 3960 Cin-Quint.
853 3902 876 3954 1,
897 3897 926 3956 5,
955 3899 1041 3946 suast
1059 3901 1236 3946 Schneidvlat.
1256 3899 1304 3946 Cr.

188 3971 212 4026 1,
232 3986 256 4027 p.
276 3971 336 4018 212.
373 3975 433 4017 Sunt
455 3975 507 4017 lora
531 3973 580 4030 iugi
597 3972 620 4014 in
641 3972 724 4015 rheda.
772 3969 813 4016 67.
832 3969 915 4028 Nepos
934 3970 1047 4023 molitor,
1079 3970 1187 4014 Martiali
1211 3983 1305 4028 quoque

186 4047 342 4085 memoratus.
393 4040 434 4087 68.
456 4042 558 4099 prinum
579 4042 681 4084 Salinas.
701 4041 764 4083 coni.
823 4036 864 4084 70.
884 4052 915 4082 ue
933 4034 1059 4095 dedimus]
1078 4039 1117 4082 Sis
1138 4038 1251 4083 nnnt'o.
1272 4062 1306 4073 -

187 4115 231 4153 out
248 4107 304 4154 ded.
324 4109 379 4154 CD.
399 4133 432 4146 -·
449 4117 473 4155 et
490 4109 547 4154 ded.
567 4111 655 4167 Vulgo.
676 4133 708 4142 -
727 4114 751 4151 st
768 4106 883 4151 dabimus
902 4109 992 4152 Martii.
1047 4105 1089 4152 71.
1109 4108 1181 4152 nobis
1198 4112 1306 4152 stemma

180 4177 290 4223 ¹lacolrsii
318 4179 433 4232 suspicio.
472 4177 513 4223 73.
538 4200 573 4214 -
590 4191 693 4222 senarum
714 4190 868 4221 communem
886 4178 968 4221 Schol.
988 4178 1161 4231 interpretatur
1181 4176 1307 4231 „animum

186 4262 234 4293 non
257 4247 398 4300 inflatum‚”
427 4253 453 4292 ut
473 4249 514 4291 alii
545 4247 773 4302 „popularitatem”
817 4247 867 4289 ⁸Sed
884 4252 929 4290 ¹est
950 4246 1029 4301 potius
1047 4246 1070 4288 le
1092 4258 1304 4298 sonseommurt,
