2782 4762
1162 205 1224 269 206

97 369 227 434 Sullure
251 367 421 431 discutitur
444 387 537 429 sacro
561 386 655 450 quam
678 377 776 450 tuque
800 363 1000 448 domusque?
1183 362 1224 426 26

98 475 151 537 An
176 471 248 557 quia
271 492 335 534 non
357 469 448 532 libris
473 468 581 534 ovium
605 471 823 552 Ergennaque
845 467 1001 541 iubente,

99 575 209 639 Triste
232 575 315 636 iaces
338 572 416 635 lucis
440 571 684 653 evitandumque
708 570 866 645 bidental,

96 659 225 742 Idcirco
248 675 392 740 stolidam
415 676 549 756 praebet
574 672 632 735 tibi
655 673 776 735 vellere
799 674 930 735 barbam

96 779 268 863 Iuppiter?
291 788 407 842 —aut
430 776 577 860 quidnam
601 787 668 850 est,
693 797 756 858 qua
779 785 815 837 tu
838 777 984 839 mercede
1007 776 1140 839 deorum

97 882 224 947 Emeris
248 879 431 943 auriculas?
453 914 493 925 -
517 879 669 960 pulmone
693 877 880 940 attactibus
903 877 1096 941 iunctisl-
1185 877 1226 939 30

97 987 186 1049 Ecce
211 983 281 1047 aria
304 992 357 1045 aut
379 991 520 1043 metiscus
544 978 650 1042 divum
675 991 845 1043 matertera
869 978 958 1042 crinis

98 1086 229 1151 Exemit
251 1106 383 1167 puerum
408 1083 612 1166 frontemque
635 1093 729 1165 atque
752 1084 813 1144 uda
836 1080 950 1144 labella

98 1189 215 1254 Inlami
237 1187 339 1270 digito
363 1197 395 1249 ot
415 1185 599 1248 lustralibus
625 1196 695 1246 ante
718 1183 836 1247 salivis¹

98 1292 238 1374 Expiat,
263 1301 391 1354 urentes
416 1288 529 1351 oculos
550 1286 695 1349 inhibere
719 1286 840 1368 perita3

101 1396 194 1456 Tunc
217 1392 360 1456 manibus
383 1391 484 1474 quatit
506 1401 536 1452 et
559 1411 647 1471 spem
671 1411 808 1452 macram
832 1389 976 1472 supplice
999 1401 1079 1452 voto
1186 1392 1225 1453 35

99 1499 195 1560 Nunc
217 1494 325 1557 Licini
348 1494 377 1556 in
401 1514 553 1574 campos,
581 1514 663 1555 nsrnc
687 1491 796 1556 Crassi
821 1492 915 1555 mittit
935 1492 967 1554 in
992 1493 1098 1555 aedes.

99 1600 219 1672 „Hunc
242 1608 355 1678 optent
377 1617 529 1679 generum
552 1616 612 1656 rex
634 1605 665 1656 ct
687 1594 820 1678 regina!
845 1596 971 1677 puellae

99 1701 197 1763 Hunc
219 1698 360 1780 rapiant!
384 1697 541 1781 quidquid
562 1697 735 1760 calcaverit
758 1698 832 1773 hic,
856 1720 930 1762 rosa
952 1699 1056 1764 fiat!'’
1081 1731 1121 1742 -

99 1803 163 1866 Ast
185 1823 249 1885 ego
273 1801 388 1863 nutrici
410 1822 473 1864 non
497 1803 611 1863 mando
634 1811 731 1874 votu;
755 1811 892 1884 negato,

100 1904 266 1986 Iuppiter,
291 1906 369 1967 haec
391 1902 457 1979 illi,
483 1902 627 1988 quamvis
650 1914 681 1966 te
704 1904 807 1965 albata
829 1903 971 1987 rogarit!
1187 1907 1228 1967 lo

100 2005 215 2070 Poscis
239 2027 332 2088 opem
356 2006 462 2069 nervis
486 2026 672 2088 corpusque
695 2005 788 2067 fidele
812 2016 978 2069 senectae:

100 2111 183 2173 Esto
206 2129 283 2192 ago;
308 2109 365 2171 sed
386 2106 521 2192 pingues
545 2106 669 2188 patinae
692 2117 860 2190 tucetaque
883 2128 991 2171 crassa

172 2298 214 2347 25.
237 2323 266 2334 -·
287 2297 413 2358 Sulpiciae
429 2301 461 2344 V.
483 2323 515 2333 -
533 2297 646 2359 Fulgura
663 2300 692 2344 1².
749 2297 791 2345 26.
807 2317 839 2332 -
858 2313 1002 2360 organaque
1024 2302 1082 2346 ΤΜ.
1126 2299 1169 2348 33.
1190 2321 1225 2338 -

101 2371 183 2432 digito
193 2370 343 2415 lustralibus
357 2370 388 2414 T.
427 2366 469 2413 34.
493 2391 522 2404 -
538 2379 686 2429 serentesque
704 2371 736 2414 V.
776 2365 816 2414 35.
837 2391 871 2402 -
884 2368 949 2414 Tum
961 2385 1030 2416 man.
1049 2371 1080 2415 Τ.
1103 2393 1131 2404 -
1152 2364 1226 2419 Hanc

101 2455 169 2485 man.
189 2441 219 2484 E.
241 2441 277 2485 lb.
295 2460 324 2471 -
345 2439 458 2496 supplici
475 2438 506 2481 T.
528 2435 569 2483 36.
590 2463 621 2472 -
641 2437 675 2482 ad
692 2438 768 2483 aedes
787 2439 816 2482 R.
838 2435 880 2484 37.
900 2439 992 2498 optent]
1010 2441 1090 2486 EAM.
1111 2464 1145 2476 -
1162 2447 1228 2499 optat

101 2511 194 2554 TRVS.
224 2506 384 2555 39.-Haac
402 2521 450 2567 ego
468 2508 497 2551 F.
530 2504 572 2552 io.
588 2505 727 2552 -irocilli
745 2508 775 2552 T.
796 2508 874 2552 lb.-
890 2508 1002 2568 quamuis
1020 2511 1106 2554 albata
1124 2510 1229 2571 negabit

101 2578 158 2635 (sic)
186 2579 216 2624 R.
272 2575 315 2623 ti.
342 2598 376 2611 -
405 2577 490 2622 Poscit
516 2576 571 2624 VE.
627 2573 669 2621 62.
696 2578 808 2638 pingues
826 2577 895 2636 pan]
915 2579 967 2626 ΤΑ.
989 2601 1019 2611 -
1038 2580 1152 2640 grandes
1169 2585 1225 2638 pat.

103 2649 224 2694 RVESM.
1025 2682 1032 2694 .

102 2751 252 2767 nutu——

172 2811 214 2858 25.
235 2809 360 2870 Sulpbare
379 2813 422 2857 W.
473 2808 512 2862 35.
534 2811 599 2857 Tum
619 2814 661 2858 W.
700 2810 743 2859 39.
762 2810 869 2867 mando,
889 2815 944 2857 ecta
962 2817 1054 2871 negato
1071 2823 1103 2857 w.
1123 2811 1159 2871 (et
1178 2812 1227 2869 Μ.)
1267 2819 1270 2824 ·

32 2900 36 2907 ’
102 2881 145 2927 62.
165 2881 277 2942 grandes
292 2883 397 2940 patinae
415 2895 459 2930 rw.

173 3044 216 3090 26.
236 3045 275 3090 An
284 3047 343 3105 qaia
353 3045 496 3109 nonfidrie]
506 3047 533 3091 ln
544 3061 587 3092 usu
599 3045 659 3100 fuit,
675 3050 701 3089 ut
711 3057 814 3104 augures
827 3044 865 3089 sel
874 3044 997 3100 aruspices
1011 3045 1104 3090 adducti
1114 3046 1142 3091 de
1154 3045 1227 3091 Etru·

100 3117 153 3169 ria,
171 3117 243 3160 certis
257 3117 404 3171 temporibus
421 3117 520 3161 fulmina
534 3115 703 3175 transfigurata
716 3117 739 3159 in
754 3114 843 3168 lapides
859 3114 920 3158 iufra
934 3119 1024 3159 terram
1033 3116 1209 3160 abscondereat
1217 3148 1225 3171 ,

101 3187 169 3228 cuius
185 3180 352 3240 impetratione
364 3188 390 3242 (l.
403 3186 591 3244 impetratione)
604 3187 640 3232 rei
654 3198 710 3229 ores
728 3183 922 3228 immolabantur.
961 3180 1002 3228 27.
1016 3181 1145 3243 Bidental]
1160 3187 1226 3230 locus

102 3267 172 3297 sacro
191 3267 319 3309 percussus
337 3254 453 3309 fulmine,
473 3255 513 3312 qssi
529 3255 624 3300 bidente
638 3255 668 3298 ab
684 3253 834 3309 aruspicibus
853 3258 1023 3308 consecratur,
1043 3267 1113 3311 quesn
1132 3257 1226 3299 calcare

101 3323 169 3367 nefas
188 3329 232 3368 est.
288 3321 329 3368 36.
350 3323 456 3368 Licinius
478 3325 582 3369 Crassus
607 3326 670 3369 inter
689 3324 810 3367 Romanos
832 3323 1053 3378 locupletissimus,
1080 3324 1134 3368 idco
1153 3323 1227 3368 Dives

100 3395 291 3450 cognominatus.
330 3392 377 3436 Alii
400 3394 483 3437 volunt
509 3393 619 3437 Licinum
644 3399 767 3436 tonsorem
793 3405 820 3435 ac
847 3391 960 3436 libertum
986 3391 1087 3450 Augusti
1114 3393 1226 3437 Caesaris

101 3460 230 3518 significari
259 3463 431 3518 praedivitem3
464 3463 530 3505 cuius
554 3467 733 3507 mouumentum
763 3466 800 3506 est
828 3461 928 3514 pretiosi
959 3462 1040 3514 operis
1068 3462 1106 3503 via
1133 3463 1227 3506 Salaria

100 3543 175 3585 prope
200 3530 304 3585 Urbem,
332 3533 362 3574 ad
392 3532 494 3586 lapidem
512 3533 649 3576 secundum.
687 3531 722 3575 De
741 3531 847 3574 hocnou
866 3531 1016 3574 invenustum
1035 3531 1154 3574 Varronis
1177 3532 1227 3586 epi-

99 3612 208 3656 gramma
223 3600 315 3645 fertur:
340 3597 486 3644 Marmorea
504 3599 609 3644 Licinus
628 3601 722 3644 tamaio
741 3600 823 3643 iacet:
849 3604 875 3642 at
893 3596 952 3643 Cato
973 3611 1070 3656 parm
1093 3599 1226 3657 Pompeiae

100 3669 185 3714 nullo:
206 3667 333 3712 credimus
352 3682 408 3712 ease
426 3668 508 3712 deos?
544 3669 594 3725 (Sic
613 3669 681 3714 Reiz.
702 3683 714 3714 e
732 3669 847 3713 varietate
866 3669 931 3712 Pitb.
953 3689 983 3699 -
1004 3668 1060 3727 qais
1080 3673 1152 3726 patet
1170 3682 1227 3712 esea

101 3736 179 3781 deos?
196 3737 272 3791 Pitb.)
293 3735 334 3783 39.
355 3737 412 3782 Non
426 3737 528 3796 inundo]
548 3738 631 3782 Verbo
650 3752 706 3782 usus
727 3743 763 3782 est
783 3738 937 3791 aruspicum,
957 3735 1004 3793 (sic
1022 3737 1090 3781 Reiz.
1113 3758 1141 3769 -
1162 3751 1228 3781 ora-

101 3807 172 3861 spieo
186 3807 252 3853 Pitb.
264 3806 334 3851 Fert.
346 3805 516 3863 aruspicina.)
528 3808 645 3864 quomeis
658 3809 759 3851 dicitur:
775 3804 870 3851 iliande
876 3807 938 3860 libi,
953 3804 1070 3850 llIaxima
1082 3838 1088 3859 ,
1115 3805 1227 3851 atloaam

101 3874 179 3919 adeas
189 3873 236 3932 (sic
246 3875 315 3920 Reiz.
324 3895 356 3910 -
367 3890 401 3920 m.
413 3881 442 3934 t.‚
454 3882 480 3920 at
488 3876 629 3920 marcianum
640 3875 721 3920 Iouem
732 3875 832 3920 audiar.
843 3877 909 3920 Pitb.
930 3877 1039 3920 Brisson.
1054 3871 1168 3932 desorm.
1179 3877 1226 3920 Ed.

100 3945 174 3987 Bach.
195 3958 219 3999 p.
243 3942 311 3999 116.)
357 3945 388 3988 Ut
412 3947 611 4002 quemadmodum
641 3946 817 4000 procurationis
842 3947 946 3990 assertio
970 3946 1016 3999 sit,
1049 3946 1080 3989 ita
1098 3943 1140 3989 fiat
1157 3951 1181 3991 et
1202 3947 1226 3990 in

99 4013 177 4057 sacris
197 4020 221 4058 et
242 4015 265 4057 in
288 4027 369 4068 prece.
419 4016 475 4069 (Vr.
497 4020 520 4058 et
537 4015 564 4059 in
582 4015 668 4058 coeris
687 4028 736 4061 orn.
754 4012 833 4069 Reiz.)
883 4011 925 4058 42.
947 4013 1043 4058 Taceta
1062 4016 1123 4070 apud
1142 4015 1226 4060 Gallos

99 4083 236 4137 Cisalpinos
258 4081 346 4126 bubula
367 4084 471 4137 dicitur,
498 4084 655 4128 condimentis
674 4083 815 4140 quibusdam
841 4084 930 4128 crassis
947 4083 1021 4128 oblita
1041 4098 1069 4128 ac
1089 4091 1223 4129 usacerata:

99 4156 123 4196 et
144 4152 199 4196 ideo
221 4157 271 4196 toto
299 4166 361 4196 anno
384 4153 463 4196 durat.
512 4154 579 4197 Solet
595 4153 666 4197 etiam
689 4152 786 4207 porcina
805 4151 889 4196 eodem
910 4166 998 4210 genere
1018 4154 1112 4197 condita
1134 4154 1226 4199 serrari

98 4223 187 4264 autad
212 4226 349 4265 satias-arum
377 4223 439 4265 iura.
478 4221 538 4265 ilinc
567 4223 663 4266 Plotius
690 4221 787 4279 Virgilii
809 4221 899 4264 amicus
919 4223 942 4264 in
965 4223 1047 4267 eadem
1068 4222 1168 4281 regione
1189 4228 1227 4268 est

31 4344 34 4349 ‚
99 4291 234 4334 nominatus
254 4290 342 4334 Tucca.
365 4289 411 4350 (sic
429 4290 497 4335 Reiz.
518 4293 546 4335 de
566 4291 670 4336 Casaub.
691 4292 755 4338 coni.
775 4313 805 4323 -
825 4288 920 4336 Tarsia
937 4289 1016 4346 Pitb.)
