<?xml version="1.0" encoding="UTF-8"?>
<!DOCTYPE html PUBLIC "-//W3C//DTD XHTML 1.0 Transitional//EN"
    "http://www.w3.org/TR/xhtml1/DTD/xhtml1-transitional.dtd">
<html xmlns="http://www.w3.org/1999/xhtml" xml:lang="en" lang="en">
 <head>
  <title>
</title>
<meta http-equiv="Content-Type" content="text/html;charset=utf-8" />
  <meta name='ocr-system' content='tesseract 3.04.00' />
  <meta name='ocr-capabilities' content='ocr_page ocr_carea ocr_par ocr_line ocrx_word'/>
</head>
<body>
  <div class='ocr_page' id='page_1' title='image "./eclogaepoetarum00orelgoog_0324.png"; bbox 0 0 2782 4762; ppageno 0'>
   <div class='ocr_carea' id='block_1_1' title="bbox 128 453 1010 1036">
    <p class='ocr_par' dir='ltr' id='par_1_1' title="bbox 129 453 989 643">
     <span class='ocr_line' id='line_1_1' title="bbox 129 453 989 546; baseline -0.008 -20"><span class='ocrx_word' id='word_1_1' title='bbox 129 459 227 526; x_wconf 80' lang='lat' dir='ltr'><strong>Hrrnc</strong></span> <span class='ocrx_word' id='word_1_2' title='bbox 249 455 509 544; x_wconf 74' lang='lat' dir='ltr'><strong>grandinantem,</strong></span> <span class='ocrx_word' id='word_1_3' title='bbox 534 453 687 540; x_wconf 85' lang='lat' dir='ltr'><strong>si·sapis,</strong></span> <span class='ocrx_word' id='word_1_4' title='bbox 712 455 864 521; x_wconf 89' lang='lat' dir='ltr'><strong>tumulum</strong></span> <span class='ocrx_word' id='word_1_5' title='bbox 887 455 989 546; x_wconf 79' lang='lat' dir='ltr'><strong>luge,</strong></span> 
     </span>
     <span class='ocr_line' id='line_1_2' title="bbox 129 548 812 643; baseline -0.007 -16"><span class='ocrx_word' id='word_1_6' title='bbox 129 564 265 638; x_wconf 86' lang='lat' dir='ltr'><strong>Viator,</strong></span> <span class='ocrx_word' id='word_1_7' title='bbox 291 559 526 643; x_wconf 80' lang='lat' dir='ltr'><strong>Hipponactis,</strong></span> <span class='ocrx_word' id='word_1_8' title='bbox 551 561 652 628; x_wconf 86' lang='lat' dir='ltr'><strong>hostis</strong></span> <span class='ocrx_word' id='word_1_9' title='bbox 676 548 812 643; x_wconf 80' lang='lat' dir='ltr'><strong>Bupali3</strong></span> 
     </span>
    </p>

    <p class='ocr_par' dir='ltr' id='par_1_2' title="bbox 129 661 827 745">
     <span class='ocr_line' id='line_1_3' title="bbox 129 661 827 745; baseline -0.01 -15"><span class='ocrx_word' id='word_1_10' title='bbox 129 666 240 730; x_wconf 87' lang='lat' dir='ltr'><strong>Atrox</strong></span> <span class='ocrx_word' id='word_1_11' title='bbox 260 662 371 727; x_wconf 83' lang='lat' dir='ltr'><strong>iaurbis</strong></span> <span class='ocrx_word' id='word_1_12' title='bbox 394 663 507 726; x_wconf 85' lang='lat' dir='ltr'><strong>stridet</strong></span> <span class='ocrx_word' id='word_1_13' title='bbox 528 661 597 745; x_wconf 90' lang='lat' dir='ltr'><strong>ipse</strong></span> <span class='ocrx_word' id='word_1_14' title='bbox 620 662 712 726; x_wconf 90' lang='lat' dir='ltr'><strong>etiam</strong></span> <span class='ocrx_word' id='word_1_15' title='bbox 737 662 827 725; x_wconf 89' lang='lat' dir='ltr'><strong>einis.</strong></span> 
     </span>
    </p>

    <p class='ocr_par' dir='ltr' id='par_1_3' title="bbox 128 764 1010 1036">
     <span class='ocr_line' id='line_1_4' title="bbox 130 764 860 834; baseline -0.007 -1"><span class='ocrx_word' id='word_1_16' title='bbox 130 768 217 834; x_wconf 87' lang='lat' dir='ltr'><strong>Vide</strong></span> <span class='ocrx_word' id='word_1_17' title='bbox 239 768 429 830; x_wconf 85' lang='lat' dir='ltr'><strong>crabronem</strong></span> <span class='ocrx_word' id='word_1_18' title='bbox 452 787 491 829; x_wconf 91' lang='lat' dir='ltr'><strong>ne</strong></span> <span class='ocrx_word' id='word_1_19' title='bbox 513 767 681 829; x_wconf 79' lang='lat' dir='ltr'><strong>cubantem</strong></span> <span class='ocrx_word' id='word_1_20' title='bbox 706 764 860 828; x_wconf 82' lang='lat' dir='ltr'><strong>suracites:</strong></span> 
     </span>
     <span class='ocr_line' id='line_1_5' title="bbox 128 860 1010 953; baseline -0.007 -17"><span class='ocrx_word' id='word_1_21' title='bbox 128 870 280 935; x_wconf 80' lang='lat' dir='ltr'><strong>Nondum</strong></span> <span class='ocrx_word' id='word_1_22' title='bbox 304 866 443 953; x_wconf 85' lang='lat' dir='ltr'><strong>quiescit</strong></span> <span class='ocrx_word' id='word_1_23' title='bbox 463 867 531 931; x_wconf 86' lang='lat' dir='ltr'><strong>eius</strong></span> <span class='ocrx_word' id='word_1_24' title='bbox 553 869 637 948; x_wconf 86' lang='lat' dir='ltr'><strong>apud</strong></span> <span class='ocrx_word' id='word_1_25' title='bbox 660 869 781 933; x_wconf 88' lang='lat' dir='ltr'><strong>Orcmn</strong></span> <span class='ocrx_word' id='word_1_26' title='bbox 804 867 917 947; x_wconf 73' lang='lat' dir='ltr'><strong>lucror,</strong></span> <span class='ocrx_word' id='word_1_27' title='bbox 999 860 1010 909; x_wconf 68' lang='grc'><strong>’-</strong></span> 
     </span>
     <span class='ocr_line' id='line_1_6' title="bbox 131 968 835 1036; baseline -0.001 0"><span class='ocrx_word' id='word_1_28' title='bbox 131 973 195 1036; x_wconf 91' lang='lat' dir='ltr'><strong>Sed</strong></span> <span class='ocrx_word' id='word_1_29' title='bbox 216 982 305 1035; x_wconf 89' lang='lat' dir='ltr'><strong>recta</strong></span> <span class='ocrx_word' id='word_1_30' title='bbox 330 968 434 1035; x_wconf 83' lang='lat' dir='ltr'><strong>vibrat</strong></span> <span class='ocrx_word' id='word_1_31' title='bbox 456 972 518 1036; x_wconf 86' lang='lat' dir='ltr'><strong>tela</strong></span> <span class='ocrx_word' id='word_1_32' title='bbox 541 970 655 1035; x_wconf 89' lang='lat' dir='ltr'><strong>claudo</strong></span> <span class='ocrx_word' id='word_1_33' title='bbox 678 970 835 1035; x_wconf 60' lang='lat' dir='ltr'><strong>carmine,</strong></span> 
     </span>
    </p>
   </div>
   <div class='ocr_carea' id='block_1_2' title="bbox 669 1156 723 1222">
    <p class='ocr_par' dir='ltr' id='par_1_4' title="bbox 669 1156 723 1222">
     <span class='ocr_line' id='line_1_7' title="bbox 669 1156 723 1222; baseline 0.056 -4"><span class='ocrx_word' id='word_1_34' title='bbox 669 1156 723 1222; x_wconf 71' lang='lat'><strong>42.</strong></span> 
     </span>
    </p>
   </div>
   <div class='ocr_carea' id='block_1_3' title="bbox 130 1276 1060 1673">
    <p class='ocr_par' dir='ltr' id='par_1_5' title="bbox 132 1276 996 1464">
     <span class='ocr_line' id='line_1_8' title="bbox 132 1276 996 1362; baseline 0.001 -21"><span class='ocrx_word' id='word_1_35' title='bbox 132 1276 197 1360; x_wconf 87' lang='lat' dir='ltr'><strong>Qui</strong></span> <span class='ocrx_word' id='word_1_36' title='bbox 219 1277 356 1362; x_wconf 85' lang='lat' dir='ltr'><strong>tragicas</strong></span> <span class='ocrx_word' id='word_1_37' title='bbox 378 1298 477 1342; x_wconf 87' lang='lat' dir='ltr'><strong>voces</strong></span> <span class='ocrx_word' id='word_1_38' title='bbox 499 1277 692 1361; x_wconf 85' lang='lat' dir='ltr'><strong>multumque</strong></span> <span class='ocrx_word' id='word_1_39' title='bbox 714 1276 870 1342; x_wconf 81' lang='lat' dir='ltr'><strong>trahentia</strong></span> <span class='ocrx_word' id='word_1_40' title='bbox 894 1277 996 1343; x_wconf 85' lang='lat' dir='ltr'><strong>lastus</strong></span> 
     </span>
     <span class='ocr_line' id='line_1_9' title="bbox 196 1379 953 1464; baseline 0.001 -20"><span class='ocrx_word' id='word_1_41' title='bbox 196 1383 349 1445; x_wconf 83' lang='lat' dir='ltr'><strong>Fortibus</strong></span> <span class='ocrx_word' id='word_1_42' title='bbox 372 1379 505 1443; x_wconf 90' lang='lat' dir='ltr'><strong>instituit</strong></span> <span class='ocrx_word' id='word_1_43' title='bbox 526 1379 686 1464; x_wconf 86' lang='lat' dir='ltr'><strong>stringere</strong></span> <span class='ocrx_word' id='word_1_44' title='bbox 710 1383 807 1452; x_wconf 85' lang='lat' dir='ltr'><strong>rerba</strong></span> <span class='ocrx_word' id='word_1_45' title='bbox 832 1381 953 1459; x_wconf 83' lang='lat' dir='ltr'><strong>nrodis,</strong></span> 
     </span>
    </p>

    <p class='ocr_par' dir='ltr' id='par_1_6' title="bbox 130 1482 1060 1673">
     <span class='ocr_line' id='line_1_10' title="bbox 130 1482 1060 1565; baseline 0 -16"><span class='ocrx_word' id='word_1_46' title='bbox 130 1484 332 1563; x_wconf 79' lang='lat' dir='ltr'><strong>Aeschylus,</strong></span> <span class='ocrx_word' id='word_1_47' title='bbox 357 1482 599 1564; x_wconf 84' lang='lat' dir='ltr'><strong>Euphorionis,</strong></span> <span class='ocrx_word' id='word_1_48' title='bbox 625 1483 796 1547; x_wconf 88' lang='lat' dir='ltr'><strong>Eleusiuos</strong></span> <span class='ocrx_word' id='word_1_49' title='bbox 819 1484 1060 1565; x_wconf 83' lang='lat' dir='ltr'><strong>procul-aruis,</strong></span> 
     </span>
     <span class='ocr_line' id='line_1_11' title="bbox 198 1585 1040 1673; baseline 0 -21"><span class='ocrx_word' id='word_1_50' title='bbox 198 1587 413 1653; x_wconf 86' lang='lat' dir='ltr'><strong>Concelebrat</strong></span> <span class='ocrx_word' id='word_1_51' title='bbox 435 1588 605 1666; x_wconf 85' lang='lat' dir='ltr'><strong>Siculam,</strong></span> <span class='ocrx_word' id='word_1_52' title='bbox 620 1608 680 1673; x_wconf 91' lang='lat' dir='ltr'><strong>qua</strong></span> <span class='ocrx_word' id='word_1_53' title='bbox 704 1585 874 1671; x_wconf 80' lang='lat' dir='ltr'><strong>sepelitur,</strong></span> <span class='ocrx_word' id='word_1_54' title='bbox 898 1587 1040 1654; x_wconf 85' lang='lat' dir='ltr'><strong>humum.</strong></span> 
     </span>
    </p>
   </div>
   <div class='ocr_carea' id='block_1_4' title="bbox 668 1772 722 1838">
    <p class='ocr_par' dir='ltr' id='par_1_7' title="bbox 668 1772 722 1838">
     <span class='ocr_line' id='line_1_12' title="bbox 668 1772 722 1838; baseline 0.037 -2"><span class='ocrx_word' id='word_1_55' title='bbox 668 1772 722 1838; x_wconf 80' lang='grc'><strong>43.</strong></span> 
     </span>
    </p>
   </div>
   <div class='ocr_carea' id='block_1_5' title="bbox 131 1892 1133 2286">
    <p class='ocr_par' dir='ltr' id='par_1_8' title="bbox 131 1892 1106 2082">
     <span class='ocr_line' id='line_1_13' title="bbox 131 1892 1106 1980; baseline -0.002 -20"><span class='ocrx_word' id='word_1_56' title='bbox 131 1894 318 1976; x_wconf 82' lang='lat' dir='ltr'><strong>Aeschylon</strong></span> <span class='ocrx_word' id='word_1_57' title='bbox 341 1895 393 1958; x_wconf 91' lang='lat' dir='ltr'><strong>hie</strong></span> <span class='ocrx_word' id='word_1_58' title='bbox 414 1894 554 1978; x_wconf 88' lang='lat' dir='ltr'><strong>positum</strong></span> <span class='ocrx_word' id='word_1_59' title='bbox 578 1894 721 1980; x_wconf 83' lang='lat' dir='ltr'><strong>loquitur</strong></span> <span class='ocrx_word' id='word_1_60' title='bbox 743 1892 842 1976; x_wconf 90' lang='lat' dir='ltr'><strong>lapis,</strong></span> <span class='ocrx_word' id='word_1_61' title='bbox 866 1893 1001 1959; x_wconf 85' lang='lat' dir='ltr'><strong>Atthide</strong></span> <span class='ocrx_word' id='word_1_62' title='bbox 1024 1904 1106 1958; x_wconf 88' lang='lat' dir='ltr'><strong>terra</strong></span> 
     </span>
     <span class='ocr_line' id='line_1_14' title="bbox 197 1996 1028 2082; baseline 0 -22"><span class='ocrx_word' id='word_1_63' title='bbox 197 2000 278 2060; x_wconf 81' lang='lat' dir='ltr'><strong>&#39;sam</strong></span> <span class='ocrx_word' id='word_1_64' title='bbox 300 1999 434 2079; x_wconf 90' lang='lat' dir='ltr'><strong>procul,</strong></span> <span class='ocrx_word' id='word_1_65' title='bbox 460 1998 620 2082; x_wconf 85' lang='lat' dir='ltr'><strong>ingentem</strong></span> <span class='ocrx_word' id='word_1_66' title='bbox 644 1996 791 2061; x_wconf 88' lang='lat' dir='ltr'><strong>carminis</strong></span> <span class='ocrx_word' id='word_1_67' title='bbox 814 2009 882 2060; x_wconf 86' lang='lat' dir='ltr'><strong>arte</strong></span> <span class='ocrx_word' id='word_1_68' title='bbox 905 1998 1028 2073; x_wconf 83' lang='lat' dir='ltr'><strong>virum,</strong></span> 
     </span>
    </p>

    <p class='ocr_par' dir='ltr' id='par_1_9' title="bbox 131 2099 1133 2286">
     <span class='ocr_line' id='line_1_15' title="bbox 131 2099 1133 2184; baseline -0.003 -21"><span class='ocrx_word' id='word_1_69' title='bbox 131 2099 217 2163; x_wconf 90' lang='lat' dir='ltr'><strong>Alba</strong></span> <span class='ocrx_word' id='word_1_70' title='bbox 241 2100 342 2162; x_wconf 89' lang='lat' dir='ltr'><strong>Gelae</strong></span> <span class='ocrx_word' id='word_1_71' title='bbox 365 2100 462 2163; x_wconf 89' lang='lat' dir='ltr'><strong>Siculi</strong></span> <span class='ocrx_word' id='word_1_72' title='bbox 485 2122 590 2182; x_wconf 90' lang='lat' dir='ltr'><strong>prope</strong></span> <span class='ocrx_word' id='word_1_73' title='bbox 611 2100 756 2165; x_wconf 80' lang='lat' dir='ltr'><strong>flumina:</strong></span> <span class='ocrx_word' id='word_1_74' title='bbox 781 2099 852 2183; x_wconf 88' lang='lat' dir='ltr'><strong>quis</strong></span> <span class='ocrx_word' id='word_1_75' title='bbox 874 2099 988 2177; x_wconf 77' lang='lat' dir='ltr'><strong>furor,</strong></span> <span class='ocrx_word' id='word_1_76' title='bbox 1011 2122 1031 2165; x_wconf 93' lang='lat'><strong>0</strong></span> <span class='ocrx_word' id='word_1_77' title='bbox 1054 2121 1133 2184; x_wconf 86' lang='lat' dir='ltr'><strong>gens</strong></span> 
     </span>
     <span class='ocr_line' id='line_1_16' title="bbox 196 2201 950 2286; baseline 0.004 -22"><span class='ocrx_word' id='word_1_78' title='bbox 196 2203 362 2281; x_wconf 85' lang='lat' dir='ltr'><strong>Theseos,</strong></span> <span class='ocrx_word' id='word_1_79' title='bbox 387 2201 507 2267; x_wconf 87' lang='lat' dir='ltr'><strong>invisos</strong></span> <span class='ocrx_word' id='word_1_80' title='bbox 531 2225 657 2286; x_wconf 85' lang='lat' dir='ltr'><strong>semper</strong></span> <span class='ocrx_word' id='word_1_81' title='bbox 678 2205 798 2266; x_wconf 87' lang='lat' dir='ltr'><strong>habere</strong></span> <span class='ocrx_word' id='word_1_82' title='bbox 820 2202 950 2268; x_wconf 84' lang='lat' dir='ltr'><strong>bonos?</strong></span> 
     </span>
    </p>
   </div>
   <div class='ocr_carea' id='block_1_6' title="bbox 669 2391 723 2455">
    <p class='ocr_par' dir='ltr' id='par_1_10' title="bbox 669 2391 723 2455">
     <span class='ocr_line' id='line_1_17' title="bbox 669 2391 723 2455; baseline 0.037 -2"><span class='ocrx_word' id='word_1_83' title='bbox 669 2391 723 2455; x_wconf 87' lang='grc'><strong>44.</strong></span> 
     </span>
    </p>
   </div>
   <div class='ocr_carea' id='block_1_7' title="bbox 130 2494 1255 3105">
    <p class='ocr_par' dir='ltr' id='par_1_11' title="bbox 130 2494 1117 2698">
     <span class='ocr_line' id='line_1_18' title="bbox 130 2494 1117 2597; baseline -0.001 -21"><span class='ocrx_word' id='word_1_84' title='bbox 130 2509 306 2576; x_wconf 89' lang='lat' dir='ltr'><strong>Decantate</strong></span> <span class='ocrx_word' id='word_1_85' title='bbox 328 2508 456 2584; x_wconf 88' lang='lat' dir='ltr'><strong>choris,</strong></span> <span class='ocrx_word' id='word_1_86' title='bbox 482 2511 683 2591; x_wconf 88' lang='lat' dir='ltr'><strong>Sophocles,</strong></span> <span class='ocrx_word' id='word_1_87' title='bbox 710 2522 872 2597; x_wconf 84' lang='lat' dir='ltr'><strong>prognate</strong></span> <span class='ocrx_word' id='word_1_88' title='bbox 896 2511 1057 2594; x_wconf 88' lang='lat' dir='ltr'><strong>Sophilo,</strong></span> <span class='ocrx_word' id='word_1_89' title='bbox 1113 2494 1117 2500; x_wconf 34' lang='lat'><strong><em>⁵</em></strong></span> 
     </span>
     <span class='ocr_line' id='line_1_19' title="bbox 194 2614 1030 2698; baseline 0.004 -24"><span class='ocrx_word' id='word_1_90' title='bbox 194 2614 297 2693; x_wconf 83' lang='lat' dir='ltr'><strong>Quem</strong></span> <span class='ocrx_word' id='word_1_91' title='bbox 322 2623 418 2679; x_wconf 73' lang='lat' dir='ltr'><strong>‚vocat</strong></span> <span class='ocrx_word' id='word_1_92' title='bbox 441 2615 595 2676; x_wconf 87' lang='lat' dir='ltr'><strong>Actaeum</strong></span> <span class='ocrx_word' id='word_1_93' title='bbox 621 2615 719 2676; x_wconf 86' lang='lat' dir='ltr'><strong>Musa</strong></span> <span class='ocrx_word' id='word_1_94' title='bbox 741 2617 896 2698; x_wconf 84' lang='lat' dir='ltr'><strong>tragoeda</strong></span> <span class='ocrx_word' id='word_1_95' title='bbox 919 2615 1030 2691; x_wconf 86' lang='lat' dir='ltr'><strong>iubar,</strong></span> 
     </span>
    </p>

    <p class='ocr_par' dir='ltr' id='par_1_12' title="bbox 131 2713 1000 2884">
     <span class='ocr_line' id='line_1_20' title="bbox 131 2713 967 2798; baseline 0.001 -19"><span class='ocrx_word' id='word_1_96' title='bbox 131 2713 234 2779; x_wconf 79' lang='lat' dir='ltr'><strong>Curius</strong></span> <span class='ocrx_word' id='word_1_97' title='bbox 257 2718 342 2797; x_wconf 90' lang='lat' dir='ltr'><strong>apud</strong></span> <span class='ocrx_word' id='word_1_98' title='bbox 363 2737 493 2778; x_wconf 77' lang='lat' dir='ltr'><strong>scaenas</strong></span> <span class='ocrx_word' id='word_1_99' title='bbox 516 2728 546 2777; x_wconf 89' lang='lat' dir='ltr'><strong>et</strong></span> <span class='ocrx_word' id='word_1_100' title='bbox 568 2716 690 2797; x_wconf 89' lang='lat' dir='ltr'><strong>pulpita</strong></span> <span class='ocrx_word' id='word_1_101' title='bbox 713 2737 808 2798; x_wconf 86' lang='lat' dir='ltr'><strong>saepe</strong></span> <span class='ocrx_word' id='word_1_102' title='bbox 831 2717 967 2798; x_wconf 81' lang='lat' dir='ltr'><strong>capillos</strong></span> 
     </span>
     <span class='ocr_line' id='line_1_21' title="bbox 196 2816 1000 2884; baseline 0.005 -5"><span class='ocrx_word' id='word_1_103' title='bbox 196 2816 295 2880; x_wconf 82' lang='lat' dir='ltr'><strong>&#39;l&#39;exit</strong></span> <span class='ocrx_word' id='word_1_104' title='bbox 319 2818 536 2881; x_wconf 86' lang='lat' dir='ltr'><strong>Acharnensis</strong></span> <span class='ocrx_word' id='word_1_105' title='bbox 558 2818 714 2881; x_wconf 85' lang='lat' dir='ltr'><strong>Bacchica</strong></span> <span class='ocrx_word' id='word_1_106' title='bbox 736 2819 827 2883; x_wconf 81' lang='lat' dir='ltr'><strong>frons</strong></span> <span class='ocrx_word' id='word_1_107' title='bbox 850 2819 1000 2884; x_wconf 80' lang='lat' dir='ltr'><strong>hederae.</strong></span> 
     </span>
    </p>

    <p class='ocr_par' dir='ltr' id='par_1_13' title="bbox 131 2918 1255 3105">
     <span class='ocr_line' id='line_1_22' title="bbox 131 2918 1255 3003; baseline 0.002 -18"><span class='ocrx_word' id='word_1_108' title='bbox 131 2918 239 2985; x_wconf 84' lang='lat' dir='ltr'><strong>Parra</strong></span> <span class='ocrx_word' id='word_1_109' title='bbox 262 2921 336 2983; x_wconf 90' lang='lat' dir='ltr'><strong>licet</strong></span> <span class='ocrx_word' id='word_1_110' title='bbox 358 2930 390 2983; x_wconf 90' lang='lat' dir='ltr'><strong>te</strong></span> <span class='ocrx_word' id='word_1_111' title='bbox 412 2924 530 2986; x_wconf 88' lang='lat' dir='ltr'><strong>condat</strong></span> <span class='ocrx_word' id='word_1_112' title='bbox 552 2923 683 2996; x_wconf 78' lang='lat' dir='ltr'><strong>hermus,</strong></span> <span class='ocrx_word' id='word_1_113' title='bbox 708 2932 756 2998; x_wconf 90' lang='lat' dir='ltr'><strong>te,</strong></span> <span class='ocrx_word' id='word_1_114' title='bbox 780 2921 936 3003; x_wconf 87' lang='lat' dir='ltr'><strong>temporis</strong></span> <span class='ocrx_word' id='word_1_115' title='bbox 960 2942 1053 2987; x_wconf 90' lang='lat' dir='ltr'><strong>onme</strong></span> <span class='ocrx_word' id='word_1_116' title='bbox 1235 2928 1255 2991; x_wconf 78' lang='lat'>5</span> 
     </span>
     <span class='ocr_line' id='line_1_23' title="bbox 197 3023 1091 3105; baseline -0.001 -17"><span class='ocrx_word' id='word_1_117' title='bbox 197 3024 295 3103; x_wconf 86' lang='lat' dir='ltr'><strong>Quod</strong></span> <span class='ocrx_word' id='word_1_118' title='bbox 318 3023 428 3100; x_wconf 84' lang='lat' dir='ltr'><strong>venit,</strong></span> <span class='ocrx_word' id='word_1_119' title='bbox 448 3023 478 3087; x_wconf 93' lang='lat' dir='ltr'><strong>in</strong></span> <span class='ocrx_word' id='word_1_120' title='bbox 501 3025 612 3086; x_wconf 88' lang='lat' dir='ltr'><strong>charta</strong></span> <span class='ocrx_word' id='word_1_121' title='bbox 633 3045 697 3087; x_wconf 90' lang='lat' dir='ltr'><strong>non</strong></span> <span class='ocrx_word' id='word_1_122' title='bbox 721 3024 876 3088; x_wconf 84' lang='lat' dir='ltr'><strong>rrroriente</strong></span> <span class='ocrx_word' id='word_1_123' title='bbox 900 3025 999 3091; x_wconf 87' lang='lat' dir='ltr'><strong>videt.</strong></span> <span class='ocrx_word' id='word_1_124' title='bbox 1073 3053 1091 3105; x_wconf 64' lang='lat' dir='ltr'><em>g</em></span> 
     </span>
    </p>
   </div>
   <div class='ocr_carea' id='block_1_8' title="bbox 669 3212 810 3276">
    <p class='ocr_par' dir='ltr' id='par_1_14' title="bbox 669 3212 810 3276">
     <span class='ocr_line' id='line_1_24' title="bbox 669 3212 810 3276; baseline 0.014 -2"><span class='ocrx_word' id='word_1_125' title='bbox 669 3212 724 3276; x_wconf 87' lang='grc'><strong>45.</strong></span> <span class='ocrx_word' id='word_1_126' title='bbox 805 3222 810 3227; x_wconf 83' lang='grc'><strong><em>’</em></strong></span> 
     </span>
    </p>
   </div>
   <div class='ocr_carea' id='block_1_9' title="bbox 130 3330 1032 3624">
    <p class='ocr_par' dir='ltr' id='par_1_15' title="bbox 130 3330 1032 3624">
     <span class='ocr_line' id='line_1_25' title="bbox 131 3330 1032 3417; baseline 0.003 -22"><span class='ocrx_word' id='word_1_127' title='bbox 131 3330 246 3395; x_wconf 86' lang='lat' dir='ltr'><strong>Inclita</strong></span> <span class='ocrx_word' id='word_1_128' title='bbox 269 3330 368 3395; x_wconf 83' lang='lat' dir='ltr'><strong>divini</strong></span> <span class='ocrx_word' id='word_1_129' title='bbox 392 3332 511 3396; x_wconf 89' lang='lat' dir='ltr'><strong>circum</strong></span> <span class='ocrx_word' id='word_1_130' title='bbox 533 3333 613 3396; x_wconf 89' lang='lat' dir='ltr'><strong>haec</strong></span> <span class='ocrx_word' id='word_1_131' title='bbox 636 3345 835 3398; x_wconf 89' lang='lat' dir='ltr'><strong>monumenta</strong></span> <span class='ocrx_word' id='word_1_132' title='bbox 859 3330 1032 3417; x_wconf 82' lang='lat' dir='ltr'><strong>sophoclis</strong></span> 
     </span>
     <span class='ocr_line' id='line_1_26' title="bbox 195 3435 1000 3519; baseline 0.001 -22"><span class='ocrx_word' id='word_1_133' title='bbox 195 3435 321 3516; x_wconf 88' lang='lat' dir='ltr'><strong>Serpite</strong></span> <span class='ocrx_word' id='word_1_134' title='bbox 345 3437 530 3516; x_wconf 87' lang='lat' dir='ltr'><strong>paullatim,</strong></span> <span class='ocrx_word' id='word_1_135' title='bbox 555 3437 676 3519; x_wconf 88' lang='lat' dir='ltr'><strong>serpite</strong></span> <span class='ocrx_word' id='word_1_136' title='bbox 699 3458 760 3501; x_wconf 88' lang='lat' dir='ltr'><strong>vos</strong></span> <span class='ocrx_word' id='word_1_137' title='bbox 782 3439 934 3501; x_wconf 82' lang='lat' dir='ltr'><strong>hederae.</strong></span> <span class='ocrx_word' id='word_1_138' title='bbox 997 3493 1000 3498; x_wconf 77' lang='grc'>,</span> 
     </span>
     <span class='ocr_line' id='line_1_27' title="bbox 130 3536 946 3624; baseline 0.004 -24"><span class='ocrx_word' id='word_1_139' title='bbox 130 3536 263 3600; x_wconf 84' lang='lat' dir='ltr'><strong>Floreat</strong></span> <span class='ocrx_word' id='word_1_140' title='bbox 285 3538 337 3599; x_wconf 91' lang='lat' dir='ltr'><strong>bic</strong></span> <span class='ocrx_word' id='word_1_141' title='bbox 358 3537 425 3600; x_wconf 91' lang='lat' dir='ltr'><strong>illic</strong></span> <span class='ocrx_word' id='word_1_142' title='bbox 447 3560 583 3601; x_wconf 82' lang='lat' dir='ltr'><strong>vernans</strong></span> <span class='ocrx_word' id='word_1_143' title='bbox 607 3560 681 3624; x_wconf 78' lang='lat' dir='ltr'><strong>rosa</strong></span> <span class='ocrx_word' id='word_1_144' title='bbox 705 3561 845 3622; x_wconf 82' lang='lat' dir='ltr'><strong>saxaque</strong></span> <span class='ocrx_word' id='word_1_145' title='bbox 869 3543 946 3603; x_wconf 87' lang='lat' dir='ltr'><strong>dura</strong></span> 
     </span>
    </p>
   </div>
   <div class='ocr_carea' id='block_1_10' title="bbox 198 3738 1026 4345">
    <p class='ocr_par' dir='ltr' id='par_1_16' title="bbox 198 3738 1026 4345">
     <span class='ocr_line' id='line_1_28' title="bbox 267 3738 1026 3804; baseline 0.009 -22"><span class='ocrx_word' id='word_1_146' title='bbox 267 3738 328 3782; x_wconf 77' lang='lat' dir='ltr'><strong>Alba</strong></span> <span class='ocrx_word' id='word_1_147' title='bbox 347 3738 421 3784; x_wconf 80' lang='lat' dir='ltr'><strong>Gelae</strong></span> <span class='ocrx_word' id='word_1_148' title='bbox 440 3739 514 3783; x_wconf 86' lang='lat' dir='ltr'><strong>Siculi</strong></span> <span class='ocrx_word' id='word_1_149' title='bbox 536 3753 610 3797; x_wconf 88' lang='lat' dir='ltr'><strong>prope</strong></span> <span class='ocrx_word' id='word_1_150' title='bbox 628 3741 736 3792; x_wconf 81' lang='lat' dir='ltr'><strong>flumina.</strong></span> <span class='ocrx_word' id='word_1_151' title='bbox 772 3745 859 3799; x_wconf 77' lang='lat' dir='ltr'><strong>Vestra</strong></span> <span class='ocrx_word' id='word_1_152' title='bbox 879 3745 936 3802; x_wconf 83' lang='lat' dir='ltr'><strong>quid</strong></span> <span class='ocrx_word' id='word_1_153' title='bbox 955 3749 1026 3804; x_wconf 76' lang='lat' dir='ltr'><strong>urget</strong></span> 
     </span>
     <span class='ocr_line' id='line_1_29' title="bbox 304 3808 892 3868; baseline 0.01 -16"><span class='ocrx_word' id='word_1_154' title='bbox 304 3808 384 3865; x_wconf 87' lang='lat' dir='ltr'><strong>Usque</strong></span> <span class='ocrx_word' id='word_1_155' title='bbox 402 3809 479 3853; x_wconf 89' lang='lat' dir='ltr'><strong>honos</strong></span> <span class='ocrx_word' id='word_1_156' title='bbox 497 3809 577 3866; x_wconf 84' lang='lat' dir='ltr'><strong>cives,</strong></span> <span class='ocrx_word' id='word_1_157' title='bbox 597 3810 762 3868; x_wconf 81' lang='lat' dir='ltr'><strong>Cecropidae,</strong></span> <span class='ocrx_word' id='word_1_158' title='bbox 782 3811 892 3858; x_wconf 74' lang='lat' dir='ltr'><strong>inuidia?</strong></span> 
     </span>
     <span class='ocr_line' id='line_1_30' title="bbox 198 3873 463 3936; baseline 0.011 -16"><span class='ocrx_word' id='word_1_159' title='bbox 198 3873 242 3936; x_wconf 77' lang='grc'><strong>45]</strong></span> <span class='ocrx_word' id='word_1_160' title='bbox 261 3876 393 3922; x_wconf 87' lang='lat' dir='ltr'><strong>Cuniehius</strong></span> <span class='ocrx_word' id='word_1_161' title='bbox 409 3889 463 3923; x_wconf 82' lang='lat' dir='ltr'><strong>sae:</strong></span> 
     </span>
     <span class='ocr_line' id='line_1_31' title="bbox 268 3947 857 4007; baseline 0.008 -16"><span class='ocrx_word' id='word_1_162' title='bbox 268 3947 302 3991; x_wconf 88' lang='lat' dir='ltr'><strong>lte</strong></span> <span class='ocrx_word' id='word_1_163' title='bbox 322 3948 481 4003; x_wconf 82' lang='lat' dir='ltr'><strong>Sophocleum</strong></span> <span class='ocrx_word' id='word_1_164' title='bbox 500 3947 590 4002; x_wconf 82' lang='lat' dir='ltr'><strong>placide</strong></span> <span class='ocrx_word' id='word_1_165' title='bbox 609 3955 720 4007; x_wconf 80' lang='lat' dir='ltr'><strong>serpente</strong></span> <span class='ocrx_word' id='word_1_166' title='bbox 740 3952 857 4006; x_wconf 72' lang='lat' dir='ltr'><strong>corymbo</strong></span> 
     </span>
     <span class='ocr_line' id='line_1_32' title="bbox 301 4016 953 4080; baseline 0.011 -21"><span class='ocrx_word' id='word_1_167' title='bbox 301 4016 350 4060; x_wconf 87' lang='lat' dir='ltr'><strong>Per</strong></span> <span class='ocrx_word' id='word_1_168' title='bbox 369 4018 485 4061; x_wconf 86' lang='lat' dir='ltr'><strong>tumulum</strong></span> <span class='ocrx_word' id='word_1_169' title='bbox 504 4021 527 4062; x_wconf 86' lang='lat' dir='ltr'><strong>et</strong></span> <span class='ocrx_word' id='word_1_170' title='bbox 545 4018 591 4061; x_wconf 82' lang='lat' dir='ltr'><strong>vati</strong></span> <span class='ocrx_word' id='word_1_171' title='bbox 612 4021 707 4074; x_wconf 85' lang='lat' dir='ltr'><strong>plectite</strong></span> <span class='ocrx_word' id='word_1_172' title='bbox 726 4026 809 4076; x_wconf 86' lang='lat' dir='ltr'><strong>serta,</strong></span> <span class='ocrx_word' id='word_1_173' title='bbox 830 4023 953 4080; x_wconf 84' lang='lat' dir='ltr'><strong>hederae;</strong></span> 
     </span>
     <span class='ocr_line' id='line_1_33' title="bbox 268 4085 891 4144; baseline 0.01 -16"><span class='ocrx_word' id='word_1_174' title='bbox 268 4085 332 4129; x_wconf 82' lang='lat' dir='ltr'><strong>Vitis</strong></span> <span class='ocrx_word' id='word_1_175' title='bbox 349 4091 373 4130; x_wconf 83' lang='lat' dir='ltr'><strong>et</strong></span> <span class='ocrx_word' id='word_1_176' title='bbox 392 4087 500 4130; x_wconf 80' lang='lat' dir='ltr'><strong>uvidulos</strong></span> <span class='ocrx_word' id='word_1_177' title='bbox 519 4088 609 4132; x_wconf 83' lang='lat' dir='ltr'><strong>circum</strong></span> <span class='ocrx_word' id='word_1_178' title='bbox 627 4091 668 4134; x_wconf 85' lang='lat' dir='ltr'><strong>det</strong></span> <span class='ocrx_word' id='word_1_179' title='bbox 685 4091 747 4133; x_wconf 83' lang='lat' dir='ltr'><strong>laeta</strong></span> <span class='ocrx_word' id='word_1_180' title='bbox 766 4104 891 4144; x_wconf 85' lang='lat' dir='ltr'><strong>racemos,</strong></span> 
     </span>
     <span class='ocr_line' id='line_1_34' title="bbox 303 4154 890 4212; baseline 0.01 -14"><span class='ocrx_word' id='word_1_181' title='bbox 303 4154 411 4212; x_wconf 85' lang='lat' dir='ltr'><strong>Undique</strong></span> <span class='ocrx_word' id='word_1_182' title='bbox 430 4162 454 4201; x_wconf 87' lang='lat' dir='ltr'><strong>et</strong></span> <span class='ocrx_word' id='word_1_183' title='bbox 474 4158 571 4201; x_wconf 84' lang='lat' dir='ltr'><strong>emolli</strong></span> <span class='ocrx_word' id='word_1_184' title='bbox 590 4171 616 4202; x_wconf 86' lang='lat' dir='ltr'><strong>se</strong></span> <span class='ocrx_word' id='word_1_185' title='bbox 633 4173 690 4202; x_wconf 81' lang='lat' dir='ltr'><strong>rosa</strong></span> <span class='ocrx_word' id='word_1_186' title='bbox 707 4158 789 4203; x_wconf 78' lang='lat' dir='ltr'><strong>fundat</strong></span> <span class='ocrx_word' id='word_1_187' title='bbox 808 4160 890 4204; x_wconf 73' lang='lat' dir='ltr'><strong>hurino.</strong></span> 
     </span>
     <span class='ocr_line' id='line_1_35' title="bbox 269 4223 891 4286; baseline 0.006 -17"><span class='ocrx_word' id='word_1_188' title='bbox 269 4223 314 4269; x_wconf 86' lang='lat' dir='ltr'><strong>Dia</strong></span> <span class='ocrx_word' id='word_1_189' title='bbox 333 4226 377 4268; x_wconf 82' lang='lat' dir='ltr'><strong>viri</strong></span> <span class='ocrx_word' id='word_1_190' title='bbox 397 4225 441 4268; x_wconf 90' lang='lat' dir='ltr'><strong>boe</strong></span> <span class='ocrx_word' id='word_1_191' title='bbox 460 4227 547 4269; x_wconf 87' lang='lat' dir='ltr'><strong>meruit</strong></span> <span class='ocrx_word' id='word_1_192' title='bbox 565 4228 696 4282; x_wconf 78' lang='lat' dir='ltr'><strong>sapientia,</strong></span> <span class='ocrx_word' id='word_1_193' title='bbox 716 4228 891 4286; x_wconf 78' lang='lat' dir='ltr'><strong>suaviloquenti</strong></span> 
     </span>
     <span class='ocr_line' id='line_1_36' title="bbox 305 4294 870 4345; baseline 0.007 -5"><span class='ocrx_word' id='word_1_194' title='bbox 305 4294 417 4340; x_wconf 82' lang='lat' dir='ltr'><strong>Carmine</strong></span> <span class='ocrx_word' id='word_1_195' title='bbox 436 4295 474 4340; x_wconf 88' lang='lat' dir='ltr'><strong>cui</strong></span> <span class='ocrx_word' id='word_1_196' title='bbox 493 4295 576 4340; x_wconf 79' lang='lat' dir='ltr'><strong>lllusas</strong></span> <span class='ocrx_word' id='word_1_197' title='bbox 593 4296 690 4345; x_wconf 84' lang='lat' dir='ltr'><strong>miscuit</strong></span> <span class='ocrx_word' id='word_1_198' title='bbox 707 4302 731 4344; x_wconf 86' lang='lat' dir='ltr'><strong>et</strong></span> <span class='ocrx_word' id='word_1_199' title='bbox 748 4298 870 4344; x_wconf 79' lang='lat' dir='ltr'><strong>Charitas.</strong></span> 
     </span>
    </p>
   </div>
   <div class='ocr_carea' id='block_1_11' title="bbox 0 0 1396 4762">
    <p class='ocr_par' dir='ltr' id='par_1_17' title="bbox 0 0 1396 4762">
     <span class='ocr_line' id='line_1_37' title="bbox 0 0 1396 4762; baseline 0 1"><span class='ocrx_word' id='word_1_200' title='bbox 0 0 1396 4762; x_wconf 95' lang='lat' dir='ltr'><strong> </strong></span> 
     </span>
    </p>
   </div>
  </div>
 </body>
</html>
