2782 4762
197 380 302 453 Sunt,
324 377 450 441 fateor:
475 375 579 442 medio
602 373 787 458 scripsimus
809 375 860 440 illa
884 374 966 442 die,
1044 426 1048 431 .

132 484 186 546 Tu
208 483 347 545 latebras
370 484 529 546 obscurus
552 502 659 558 amas,
684 480 756 564 quia
779 479 896 542 lumine
919 478 1014 544 utillo·

195 584 305 668 Atque
328 583 514 666 intempesta
536 584 679 647 scrihere
702 593 797 646 nocte
819 582 919 645 soles.

201 765 203 769 ·
289 746 420 809 cV111.
464 740 643 807 Eiusdem.
691 739 867 806 Venetiae.
902 740 960 820 (L.
985 740 1017 802 1.
1042 738 1111 818 36.)

134 855 276 920 Viderat
296 853 469 917 Hadriaeis
491 855 660 916 Venetam·
677 853 845 934 Neptunus
869 849 900 913 in
922 851 1014 913 trudis

198 960 290 1021 Stare
312 959 422 1019 urhem
446 966 477 1018 et
498 966 569 1018 toto
592 975 714 1037 ponere
736 954 804 1017 iura
828 952 929 1017 mari:

133 1062 253 1136 ,Nunc
275 1057 351 1121 mihi
374 1057 531 1140 Tarpeias
554 1056 777 1171 quantumvis,
801 1055 971 1138 Iuppiter,
996 1076 1088 1118 arces

200 1161 315 1225 Ohiice
337 1172 368 1224 et
390 1159 443 1222 illa
467 1157 511 1222 tui
533 1159 657 1223 moenia
680 1157 844 1233 Martis,”
868 1157 924 1220 ait.

133 1263 192 1341 „si
215 1265 341 1346 Pelago
366 1261 490 1324 Tibrim
513 1260 680 1343 praefers,
704 1262 814 1323 urbem
838 1258 944 1341 aspice
967 1270 1158 1344 utramque:
1238 1242 1258 1323 5

198 1365 290 1429 Illam
313 1364 458 1428 homiues
482 1363 588 1439 dices,
612 1362 696 1426 hanc
716 1361 862 1444 posuisse
886 1361 993 1427 deosss’

176 1525 270 1589 CIX.
314 1462 495 1587 Eiusdem.
538 1522 582 1585 In
602 1521 773 1583 tumulum
796 1519 969 1589 Neaerae
1006 1521 1063 1597 (L.
1089 1521 1121 1582 1.
1146 1521 1213 1596 ll.)

135 1634 226 1715 Quae
249 1631 373 1697 voces?
397 1630 579 1698 Charitum.
624 1631 716 1711 Quae
738 1629 856 1693 circum
877 1628 1023 1712 pompa?
1053 1632 1217 1695 Neaerae..

198 1738 290 1801 Unde
313 1737 397 1799 odor
418 1733 496 1797 hic?
519 1732 629 1800 Ciueri
650 1733 745 1796 thura
768 1731 924 1796 ministrat
946 1735 1064 1798 Amor.

134 1838 228 1903 Unde
251 1836 355 1920 pyra?
377 1838 429 1900 Ex
451 1837 616 1918 pharetra.
660 1834 796 1915 Quinam
818 1833 988 1898 struxere?
1010 1836 1173 1918 Lepores.

197 1940 262 2002 Ast
282 1940 362 2002 haec
383 1937 574 2002 illacrimans
596 1959 678 2022 quac
701 1936 780 2020 legit
802 1936 897 2001 ossa?
919 1938 1049 2015 Venus.

133 2042 312 2105 Fortunate
333 2040 415 2123 lapis
437 2041 623 2125 tumuloque
645 2040 770 2104 beatior
793 2038 902 2118 oriani,
1053 2054 1056 2058 ·
1238 2040 1257 2102 5
1320 2044 1322 2050 ’

197 2145 250 2207 Tu
271 2143 353 2228 tegis
375 2142 408 2207 in
430 2141 524 2206 terris
547 2142 574 2206 si
596 2141 673 2226 quid
694 2142 829 2208 honoris
853 2153 937 2209 erat·
1161 2133 1163 2137 ¹

197 2376 199 2380 ι
295 2304 369 2367 CX·
413 2299 593 2366 Eiusdem.
636 2299 695 2366 Ad
715 2298 866 2390 Rufum.
900 2302 958 2380 (L.
985 2301 1016 2366 1.
1041 2301 1107 2382 t8.)

132 2413 310 2497 Tamquam
332 2409 438 2495 prisca
461 2413 540 2478 mihi
561 2432 707 2497 saxoque
728 2411 858 2477 inuenta
879 2423 1011 2477 vetusto

195 2514 361 2592 Disticha,
387 2513 497 2591 Rufe,
521 2516 606 2580 soles
628 2521 723 2598 saepe
743 2515 870 2579 referre
891 2526 961 2578 tua.

133 2618 270 2680 Stultum
294 2619 376 2682 adeo
399 2638 470 2694 me,
495 2618 602 2691 Rufe,
627 2616 744 2699 putas?
766 2619 842 2701 Ego
863 2628 929 2679 tam
949 2617 1032 2681 mala
1055 2620 1181 2680 credam

197 2718 344 2782 Carmina
367 2719 518 2782 Romano
541 2739 701 2782 marmore
721 2739 818 2801 posse
839 2718 930 2802 legi?
1160 2730 1164 2737 '

131 2822 337 2885 Archemoro
362 2821 482 2906 longos
504 2819 629 2903 affingis
651 2820 802 2885 Nestoris
824 2840 943 2897 annosa
997 2845 999 2848 ’
1235 2824 1256 2887 5

195 2925 438 2986 Andromaches
460 2943 594 3005 puerum
617 2924 839 2987 Laomedonta
862 2944 973 2990 vocas.

130 3023 251 3088 Desine
275 3024 401 3087 mentiri
423 3018 548 3106 Pyliam
573 3023 815 3110 Phrygiamque
836 3039 994 3092 senectam
1007 3047 1022 3091 t-

195 3127 264 3190 Sint
279 3138 394 3192 'vetera
416 3127 497 3191 haec
519 3127 606 3204 aliis,
630 3127 779 3202 minora
803 3149 930 3211 semper
953 3143 1059 3196 errant.
1137 3175 1140 3179 -

194 3286 288 3349 carr.
322 3284 503 3385 anassem.
537 3287 593 3350 ι).
614 3268 735 3350 Aenea
755 3295 788 3348 a
803 3240 967 3365 ὐιαοη..
993 3274 1050 3370 (ι.
1073 3289 1105 3354 ι.
1130 3291 1202 3372 ιι.)

131 3393 303 3458 immemor
327 3396 364 3456 ah
389 3380 522 3458 miserae
544 3416 603 3458 cur
625 3417 729 3460 ensem
753 3396 868 3480 linquis
890 3398 1018 3479 Elisae,
1081 3478 1084 3483 ,

196 3498 280 3562 Nate
302 3495 385 3558 deu?
408 3497 566 3581 profugas
588 3518 654 3583 non
677 3510 791 3583 gravat
814 3499 868 3563 illc
890 3513 988 3587 rates.

130 3601 224 3664 Anne
248 3621 358 3681 parum
381 3599 486 3663 luerat
509 3620 634 3663 causam
657 3602 732 3675 dare
755 3600 869 3672 mortis'
892 3582 1085 3682 acerbae,

193 3701 237 3764 Ni
259 3701 380 3765 ferrum
403 3701 530 3788 lugiens
553 3715 587 3766 tu
610 3724 739 3787 quoque
760 3704 857 3767 triste
874 3705 988 3789 dares?

131 3803 246 3877 Tolle,
271 3826 407 3885 precor,
431 3805 567 3868 tumidas
589 3816 693 3868 tecum
716 3804 884 3882 hoc,1am
907 3784 984 3871 tolle
1007 3822 1066 3892 'per
1089 3780 1207 3878 aindas.
1232 3814 1251 3877 5

191 3907 364 3984 Discessu,
388 3907 462 3970 satis
486 3919 552 3983 cst,
575 3905 602 3969 si
624 3905 708 3990 perit
728 3906 783 3970 illa
805 3920 876 3972 tuo.

252 4065 364 4128 CXII.
407 4063 589 4128 Eiusdem.
633 4064 721 4129 Dies
742 4065 903 4148 genialis.
937 4069 995 4148 (L.
1017 4068 1049 4133 1.
1073 4071 1143 4152 1)οι)

128 4171 264 4248 Aureli,
289 4169 446 4255 perfunde
469 4173 546 4239 meis
567 4188 730 4259 erogarenta
754 4176 879 4259 capillis

192 4277 245 4340 Tu
262 4297 384 4359 super,
408 4287 440 4339 et
462 4274 577 4342 vernas
599 4298 741 4364 sparge,
765 4279 936 4362 Nearche,
960 4302 1066 4351 rosas.
