2782 4762
461 718 857 839 urrunnu

241 894 495 1011 *CARMINA
525 945 786 1010 NONNULLA
814 943 1020 1008 MINORA.

549 1132 753 1146 ι*-

179 1378 183 1389 ¹
482 1298 511 1361 1.
536 1297 590 1378 (3.
613 1293 816 1379 Doeringii.)

151 1421 296 1503 Lugete,
320 1439 341 1482 o
361 1419 506 1481 Veneres
526 1414 764 1498 Cupidinesque

90 1522 135 1583 Et
158 1530 308 1605 'quantum
330 1531 377 1582 est
399 1518 561 1583 hominurn
585 1515 822 1579 venustiorum!

85 1624 204 1687 Passer
227 1632 371 1685 mortuus
393 1631 440 1684 est
463 1641 549 1682 meae
571 1617 712 1701 puellae,

86 1726 220 1799 Passer,
244 1721 376 1786 deliciae
398 1743 485 1785 meae
506 1721 647 1803 puellae,

86 1825 191 1905 Quem
213 1824 284 1906 plus
308 1823 363 1888 illa
386 1821 488 1888 oculis
510 1822 575 1885 suis
597 1824 740 1885 amabat:

85 1928 168 1991 Nam
191 1926 329 1989 mellitus
352 1935 420 1989 erat
441 1945 591 2008 suamque
614 1934 710 1986 norat

84 2029 162 2112 Ipsa
182 2039 247 2090 tam
269 2030 350 2091 bene
372 2049 466 2110 quam
489 2025 594 2108 puella
619 2035 766 2099 matrem,

80 2130 159 2194 Nec
181 2152 248 2193 sese
270 2151 288 2193 a
310 2129 434 2215 gremio
457 2128 541 2191 illius
564 2129 735 2199 movebat,

84 2230 151 2309 Sed
173 2231 402 2294 circumsiliens
425 2233 522 2293 modo
546 2232 608 2292 huc
631 2231 728 2293 modo
752 2226 829 2289 illuc

84 2334 138 2397 Ad
158 2332 257 2398 solam
282 2332 440 2396 dominam
463 2354 563 2416 usque
584 2330 753 2412 pipilabat.

84 2430 150 2515 Qui
172 2456 255 2497 nunc
277 2433 303 2497 it
324 2454 383 2515 per
406 2433 467 2496 iler
488 2432 726 2496 tenebricosum

83 2536 185 2612 Illuc,
207 2539 289 2598 unde
311 2546 428 2621 negant
449 2534 555 2598 redire
578 2552 779 2618 quemquam.

84 2640 130 2702 At
149 2637 245 2701 vobis
267 2638 348 2700 male
367 2635 427 2713 sit,
452 2637 551 2698 malae
572 2637 722 2698 tenebrae

84 2738 182 2813 0r‘ci,
205 2761 286 2823 quae
307 2736 413 2803 omnia
435 2738 520 2801 bella
540 2738 724 2802 devoratis:

84 2843 165 2903 Taui
187 2840 304 2902 bellum
327 2837 405 2902 mihi
426 2861 587 2922 passerem
609 2839 797 2904 abstulistis.

83 2942 115 3006 0
135 2943 255 3023 lacrum
279 2941 378 3003 male!
407 2924 441 3005 io
463 2940 584 3005 miselle
605 2964 733 3024 passer,

84 3045 155 3105 Tua
176 3065 260 3104 nunc
282 3063 382 3124 opera
404 3064 491 3106 meae
512 3044 635 3125 puellae

82 3143 209 3209 Flendo
230 3143 387 3228 turgiduli
409 3145 655 3209 rubent'ocelli.

570 3332 616 3396 u.
648 3332 711 3413 (1.)

145 3450 300 3513 Phaselus
319 3450 390 3526 ille,
413 3453 507 3536 quem
530 3450 662 3527 videtis,
685 3451 844 3534 hospites,

87 3550 146 3615 Ait
168 3550 265 3614 fuisse
286 3551 414 3613 navium
437 3553 639 3629 celerrimus,

84 3654 199 3736 Neque
220 3652 313 3714 ullius
334 3653 469 3729 natantis
491 3655 642 3738 impetum
664 3655 765 3719 trabis

42 3776 45 3781 ·
80 3753 243 3839 Nequisse
265 3754 461 3835 praeterire,
485 3754 553 3821 sive
573 3758 720 3840 palmulis
738 3796 742 3803 ·

82 3857 174 3937 Opus
193 3855 282 3918 soret
305 3856 416 3920 volare
437 3855 505 3920 sive
527 3857 639 3924 linteo.

79 3945 124 4021 E't
144 3959 211 4022 hoc
233 3970 329 4041 negat
351 3957 481 4021 minacis
505 3960 666 4024 Adriatici

78 4061 212 4144 Negare
235 4059 308 4122 litus
330 4060 488 4124 insulasve
512 4061 672 4143 Cycladas

78 4163 297 4247 Rhodumque
316 4163 458 4229 nobilem
477 4164 707 4253 horridamque
729 4164 902 4231 Thraciam
