2782 4762
186 205 228 269 24

185 367 374 452 Lunamque
397 376 428 429 et
451 364 530 430 solis
551 364 717 448 praeclara
740 363 812 426 luce
830 361 993 433 nitorem:

187 466 303 533 Omnia
323 490 404 554 quae
427 457 510 532 nunc
530 467 557 530 si
576 467 714 551 primum
736 465 924 530 mortalibus
943 477 1061 540 essent,

187 570 243 632 Ex
260 568 440 652 improviso
464 569 491 633 si
510 569 572 632 sint
591 570 720 635 obiecta
738 580 886 651 repente3
1251 649 1253 653 .

186 671 272 754 Quid
293 671 395 758 magis
415 672 466 736 his
486 675 583 735 rebus
602 683 732 754 poterat
748 670 893 735 mirabile
916 669 996 747 dici,
1219 671 1300 734 1035

184 776 252 840 Aut
272 774 374 838 minus
395 786 466 838 ante
487 778 575 861 quod
597 775 749 838 auderent
768 775 841 839 fore
863 776 996 838 credere
1019 773 1152 858 gentes?

186 875 262 954 Nil,
286 889 319 939 ut
337 877 474 960 opin0r3
498 876 543 940 ita
560 878 641 940 haec
665 875 787 960 species
807 877 947 939 miranda
965 875 1095 951 fuisset,

188 982 291 1063 Quam
309 978 368 1043 tibi
385 979 446 1043 iam
469 1000 584 1056 nemo,
606 981 708 1043 fessus
729 977 839 1043 satiate
862 977 1006 1054 videndi,

185 1083 355 1166 Suspicere
376 1086 410 1148 in
432 1083 513 1148 caeli
535 1081 684 1167 dignatur
706 1082 810 1146 lucida
832 1082 963 1164 templa.

186 1186 307 1252 Desine
326 1198 545 1274 quapropter,
568 1185 712 1250 novitate
731 1182 903 1249 exterritus
920 1184 1007 1267 ipsa,
1221 1187 1303 1247 1010

183 1292 353 1372 Exspuere
376 1313 418 1354 ex
439 1286 544 1354 animo
567 1287 744 1352 rationem:
771 1291 826 1351 sed
851 1287 951 1374 magis
975 1287 1042 1352 acri

185 1392 315 1457 Iudicio
338 1396 501 1475 perpende
524 1402 571 1468 et,
594 1391 621 1454 si
645 1389 704 1454 tibi
723 1412 799 1453 vera
823 1389 986 1467 videntur,

184 1495 277 1558 Dede
300 1517 427 1571 manus3
451 1506 519 1570 aut,
543 1493 570 1556 si
591 1493 754 1570 falsumst,
778 1492 948 1578 accingere
971 1505 1098 1558 contra.

183 1584 321 1680 'Quaerit
340 1596 422 1662 enim
444 1596 601 1662 rationem
620 1594 758 1671 animus,
781 1618 879 1681 quom
901 1619 1019 1658 summa
1041 1595 1106 1661 loci
1129 1596 1169 1662 sit

185 1699 316 1764 Infinita
337 1699 421 1764 foris
443 1702 524 1764 baec
546 1711 638 1764 extra
658 1698 783 1762 moenia
804 1698 928 1775 mundi,
1220 1701 1302 1762 1015

186 1801 273 1885 Quid
295 1801 335 1866 sit
356 1802 402 1866 ibi
425 1825 546 1885 porro,
570 1824 634 1888 quo
656 1801 847 1884 prospicere
870 1822 970 1886 usque
995 1801 1072 1864 velit
1094 1823 1179 1865 mens

184 1907 295 1991 Atque
316 1904 411 1968 animi
430 1904 533 1968 iactus
554 1904 722 1990 liberque
744 1903 893 1986 pervolet
912 1899 994 1985 ipse.

247 2007 418 2090 Principio
442 2008 537 2072 nobis
555 2007 594 2071 in
618 2017 747 2070 cunetas
769 2006 909 2093 undique
930 2006 1049 2089 parteis

191 2113 235 2175 Et
254 2110 353 2174 latere
376 2132 418 2174 ex
438 2121 577 2194 utroque
596 2108 745 2194 infraque
763 2130 922 2194 superque
941 2131 1000 2192 per
1021 2130 1113 2173 omne

185 2213 314 2277 Nullast
334 2211 424 2288 finis,
446 2211 492 2277 uti
514 2210 611 2275 docui
630 2232 681 2273 res
702 2209 835 2296 ipsaque
857 2233 916 2294 per
938 2233 971 2274 se
1222 2217 1304 2279 1050

186 2315 401 2380 Vociferatur
423 2325 455 2377 et
470 2315 573 2377 elucet
593 2324 705 2375 natura
723 2301 891 2394 profundi.

184 2418 285 2482 Nullo
309 2416 371 2480 iam
393 2428 491 2499 pacto
511 2416 582 2480 veri
604 2415 704 2480 simile
724 2436 792 2479 esse
814 2420 1034 2498 putandumst,

184 2519 333 2606 Undique
353 2542 450 2607 quom
471 2541 603 2584 vorsum
622 2517 755 2600 spatium
781 2531 871 2582 vacet
890 2519 1063 2598 inlinitum,

188 2623 380 2708 Seminaque
400 2622 568 2687 innumero
588 2643 720 2685 numero
744 2643 926 2709 summaque
948 2625 1111 2706 profunda

188 2725 393 2790 Multimodis
414 2724 552 2789 volitent
574 2735 704 2788 aeterno
727 2725 853 2806 percita
875 2739 978 2803 motu,
1017 2757 1018 2761 ,
1221 2734 1302 2796 1055

186 2831 283 2893 Hunc
304 2851 399 2892 unum
421 2839 579 2892 terrarum
602 2830 714 2891 orbem
738 2828 922 2914 caelumque
945 2841 1104 2895 creatum:

240 3107 314 3154 1032.
334 3105 490 3167 Lunamque]
509 3109 548 3153 Sic
565 3105 596 3152 Ε.
613 3109 673 3152 Ver.
693 3110 754 3152 Ver.
773 3109 817 3152 As.
831 3108 861 3152 P.
873 3110 915 3153 W.
935 3133 968 3142 —
985 3108 1119 3168 Lunaeque
1131 3112 1161 3155 A.
1175 3111 1204 3156 1..
1219 3113 1249 3156 H.
1269 3136 1302 3147 -

185 3177 218 3223 Et
234 3177 310 3224 lunoi'
324 3175 355 3226 A.
377 3200 406 3209 —
426 3176 512 3222 Lunni'
526 3183 550 3220 et
568 3178 628 3221 Cod.
649 3177 681 3221 0.
700 3182 724 3221 et
740 3191 808 3222 uncus
827 3177 855 3221 C.
875 3179 941 3222 Brix.
961 3181 1032 3234 prob.
1052 3182 1095 3224 W.
1114 3181 1188 3226 Forb.
1220 3182 1302 3227 Minus

184 3263 246 3293 nunc
264 3251 357 3304 placet,
377 3248 432 3304 quia
446 3247 600 3304 praeclarus
618 3251 684 3293 nitor
702 3247 752 3290 Soli
772 3248 865 3304 quidem
884 3250 1006 3303 aptissime
1025 3249 1153 3306 tribuitur,
1180 3265 1226 3295 nou
1244 3253 1302 3297 item

185 3320 287 3374 pallidae
306 3317 396 3362 Lunae.
437 3313 512 3362 1033.
532 3317 568 3360 lta
581 3317 674 3372 Codri„
694 3318 766 3362 etiam
779 3317 808 3362 C.
822 3317 853 3364 E.
866 3318 928 3362 Edd.
942 3324 1000 3365 vett.
1015 3321 1056 3364 W.
1076 3341 1110 3353 -
1129 3320 1216 3366 adsint
1226 3322 1257 3366 A.
1270 3322 1301 3366 L.

186 3390 216 3434 Η.
236 3389 352 3446 Equidem
365 3388 463 3432 malim:
483 3392 597 3441 exstent,
618 3393 644 3432 ut
662 3392 778 3446 congruat
796 3391 888 3442 tempus
908 3402 961 3432 cum
979 3403 1029 3447 seq.
1045 3391 1142 3450 sisini.
1181 3386 1257 3436 1031.
1279 3393 1304 3436 si

187 3457 264 3503 Codd.
278 3458 340 3502 Edd.
354 3462 410 3502 vett.
423 3458 465 3505 W.
484 3480 517 3490 —
535 3470 581 3500 eeu
592 3459 635 3501 nv.
648 3458 678 3503 P.
692 3457 722 3501 A.
736 3457 765 3504 L.
780 3458 810 3501 H.
824 3457 917 3502 Eichst.
967 3457 1041 3504 1038.
1061 3475 1135 3518 quem
1147 3461 1223 3505 Codd.
1238 3461 1301 3506 Edd.

184 3533 243 3577 vett.
265 3529 303 3583 ‚,i.
319 3542 341 3572 e.
362 3529 491 3573 secundum
504 3541 574 3584 quam
592 3528 712 3582 speciem,
732 3529 768 3572 vel
788 3529 850 3586 quod
868 3529 897 3572 ad
916 3529 976 3572 hanc
993 3530 1098 3584 speciem
1116 3530 1245 3585 pertinet.”
1259 3532 1302 3576 W.

184 3599 230 3642 Est
247 3599 341 3654 potius:
371 3598 448 3651 „haec
468 3597 560 3652 species
586 3611 659 3655 aeque
685 3603 733 3642 tum
752 3599 859 3642 intranda
876 3599 976 3653 fuisset,
1002 3613 1030 3642 ac
1047 3613 1117 3644 nemo
1135 3615 1196 3644 nunc
1215 3601 1258 3644 tibi
1277 3601 1301 3645 in

185 3669 278 3714 caelum
296 3668 418 3722 suspicere
437 3667 573 3726 dignatur.”
607 3668 692 3727 Pinzg.
712 3668 827 3713 etForb.
847 3669 881 3712 sic
900 3670 1032 3723 explicant.
1053 3670 1131 3724 „duae
1151 3673 1303 3715 construendi
1352 3689 1355 3691 Α

184 3740 291 3782 rationes
310 3737 439 3794 suspicere
457 3737 566 3794 speciem
584 3743 608 3782 et
625 3738 756 3794 suspicere
773 3739 801 3782 in
819 3738 916 3781 coelum
935 3739 973 3783 bie
991 3740 1016 3783 in
1035 3753 1106 3783 unum
1119 3739 1233 3785 conflatae
1248 3746 1306 3784 suut

186 3809 222 3863 (ut
240 3808 309 3851 nobis
327 3808 405 3851 dicere
426 3807 495 3852 licet:
527 3804 593 3850 oncle
616 3809 686 3850 einer
709 3805 888 3866 Ersclies'uung
911 3821 968 3852 :uin
991 3807 1101 3852 Himmel
1123 3806 1300 3868 ousscltuuen).

185 3880 278 3923 Verum
301 3877 382 3921 dubito
406 3891 435 3920 an
453 3876 531 3920 Latini
555 3879 592 3921 vel
611 3877 754 3936 cogitatione
773 3891 877 3935 uuquam
895 3878 1015 3922 iunxerint
1033 3879 1163 3936 suspicere
1181 3880 1301 3936 speciem.

184 3968 221 3981 -
231 3960 303 4006 quom
316 3948 344 3990 de
354 3946 426 3991 Fabri
437 3948 547 3992 etBentl.
561 3947 624 3990 coni.
638 3947 668 3991 H.
707 3943 783 3992 1010.
802 3947 868 4004 (ipse
878 3947 921 3994 W.
934 3949 996 3992 coni.
1010 3946 1150 3993 confirmata
1160 3964 1173 3993 a
1183 3950 1243 3994 (lod.
1252 3947 1303 4008 Π.)
1321 4006 1324 4010 ⁴

187 4013 264 4062 1011.
284 4029 403 4073 respuere
422 4017 451 4061 L.
469 4017 521 4061 Cir.
539 4017 638 4061 Terent.
649 4017 712 4062 Eun.
728 4013 757 4076 3,
771 4017 800 4072 1,
816 4013 857 4061 16.
878 4019 951 4075 quusi
969 4018 1011 4062 att
1028 4019 1099 4062 illum
1117 4026 1245 4074 exspueret
1256 4019 1304 4062 mi·

185 4086 433 4131 serinmexune'mo.
472 4083 547 4132 1010.
567 4085 770 4131 uideturA-H.
809 4082 886 4131 1013.
905 4077 1089 4132 Ραὶεαπίίἰᾰ.
1130 4086 1204 4134 1011.
1225 4089 1303 4132 retio-

187 4170 243 4200 uem
255 4156 285 4199 C.
298 4155 329 4200 E.
344 4156 404 4200 Edd.
415 4161 473 4201 vett.
484 4159 527 4200 W.
549 4181 581 4191 --
599 4157 697 4200 ratione
713 4156 788 4200 Codd.
806 4158 904 4214 aliquot.
917 4158 946 4202 L.
961 4158 1094 4203 H.Eicbst.
1142 4156 1218 4204 1016.
1239 4160 1305 4203 uniet

187 4227 230 4270 W.
245 4226 326 4270 edidit.
341 4228 369 4270 de
383 4227 446 4270 coni.
485 4223 561 4272 toti.
581 4227 663 4270 iactus
675 4222 811 4290 (ἐπιβολὴ
824 4225 934 4286 Epicuri)
948 4229 1008 4272 Cod.
1022 4225 1058 4276 Π.
1070 4227 1177 4273 Gronov.
1190 4230 1253 4273 coni.
1269 4253 1304 4262 —
1320 4289 1322 4293 Ι

187 4302 268 4342 tuctus
287 4296 363 4341 Codd.
383 4297 444 4341 Edd.
458 4302 516 4342 vett.
538 4321 570 4330 —
588 4302 684 4342 tractus
697 4299 739 4341 Av.
760 4297 796 4342 lb.
816 4297 895 4343 libero
912 4299 988 4343 Codd.
1008 4296 1032 4343 1.
1053 4300 1119 4344 brix.
1137 4302 1196 4344 Ver.
1210 4319 1252 4348 y-
1269 4299 1306 4342 sit
