2782 4762
83 350 131 416 Et
150 349 391 416 moriebantur:
416 370 486 414 eum
508 347 622 433 primis
638 349 702 415 fida
723 368 834 413 eanum
860 346 910 412 vis

84 454 194 517 Strata
218 452 279 517 viis
301 451 436 517 animam
459 454 602 535 ponebat
624 452 657 518 in
678 451 826 517 omnibus
846 473 962 536 aegre:

84 556 316 641 Extorquebat
338 556 422 620 euim
446 555 544 619 vitam
567 555 617 618 vis
643 555 790 621 morbida
815 552 978 619 membris.

151 657 341 722 lucomitata
359 657 430 743 rapi
453 660 620 751 certabant
638 658 751 723 funera
770 670 873 723 vasta.

86 761 159 824 Nee
180 758 264 846 ratio
283 761 403 826 remedi
425 761 602 825 eommunis
627 773 713 826 certa
737 763 892 825 dabatur:
1125 763 1208 828 1995

84 865 171 928 Nam
194 867 283 950 quod
303 865 346 927 alt
369 868 499 929 dederat
521 864 646 928 vitaleis
667 863 752 928 a‘e'ris
776 886 868 928 auras

85 966 236 1031 Volvere
253 966 286 1029 in
309 987 366 1031 ore
389 967 486 1032 licere
506 978 537 1031 et
560 967 640 1031 caeli
661 968 778 1049 templa
801 967 903 1045 tueri,

85 1071 165 1135 Ηοο
184 1068 254 1132 aliis
278 1081 346 1134 erat
368 1070 470 1134 exitio
493 1071 654 1156 letumque
677 1073 824 1152 parabat.

51 1194 54 1199 ’
150 1172 236 1236 Illud
258 1172 361 1237 iubis
387 1177 483 1237 rebus
509 1173 718 1237 miserandum
741 1185 771 1236 et
794 1194 911 1257 magno
936 1194 1036 1256 opere
1058 1195 1152 1236 uuum

85 1275 315 1340 Aerumuabile
338 1289 424 1352 erat,
447 1279 552 1362 quod,
575 1275 633 1339 ubi
655 1297 687 1339 se
710 1275 845 1362 quisque
866 1276 996 1340 videbat
1125 1276 1208 1341 1930

80 1378 283 1461 ,ΙιηρΙὶοἱῑιιηι
303 1383 439 1455 morbo,
463 1377 561 1443 morti
583 1382 744 1442 damnatus
767 1391 801 1440 ut
823 1389 922 1456 esset,

84 1480 251 1546 Deficiens
273 1481 399 1559 animo,
423 1493 544 1546 maesto
569 1505 640 1545 eum
665 1485 764 1546 corde
788 1480 912 1545 iacebat

85 1585 214 1648 Funera
236 1598 438 1668 respectans,
461 1583 596 1648 animam
618 1597 649 1647 et
667 1584 812 1647 mittebat
833 1584 965 1648 ibidem.

151 1686 281 1771 Quippe
301 1688 414 1751 etenim
437 1688 525 1752 nullo
551 1690 716 1751 cessabant
737 1699 883 1770 tempore
904 1686 1005 1772 apisci

85 1790 141 1853 Ex
163 1790 232 1853 aliis
255 1789 336 1855 alios
359 1790 446 1854 avidi
471 1791 622 1876 contagia
645 1791 768 1867 morbi,
1125 1791 1229 1855 1935·

85 1892 268 1979 Lanigeras
287 1905 447 1980 tamquam
469 1899 607 1977 pecudes
629 1906 659 1957 et
681 1897 801 1957 bucera
822 1893 921 1959 secla.

85 1997 190 2081 quue
210 1997 262 2059 vel
284 1995 317 2059 in
337 1995 452 2080 primis
476 1999 656 2060 cumulabat
674 1998 786 2060 sunere
806 1994 914 2087 sunere.

86 2101 171 2162 Nam
193 2098 430 2185 quelquomque
453 2123 528 2165 suos
549 2100 731 2184 fugitabant
753 2099 859 2164 visere
881 2104 921 2164 ad
943 2122 1079 2187 aegros,

85 2201 179 2265 Vitat
198 2198 331 2265 nimium
351 2203 486 2285 cupidos
510 2203 687 2288 mortisque
710 2203 869 2279 timenteis

85 2303 247 2369 Poeuibat
267 2305 376 2388 paullo
400 2318 475 2388 post
494 2305 581 2387 turpi
604 2319 708 2370 morte
731 2288 875 2392 malaque
1126 2308 1209 2371 1910

85 2406 261 2483 Desertus,
286 2407 359 2491 opis
381 2407 544 2491 experteis
564 2408 694 2472 Ineuria
713 2421 868 2473 mactans.
943 2472 945 2475 .

87 2509 172 2590 Quei
195 2509 323 2572 fuerant
346 2523 448 2574 autem
468 2523 616 2594 praesto,
641 2512 834 2597 contagibus
856 2512 945 2575 ibant

86 2615 197 2698 Atque
220 2613 351 2690 labore,
374 2617 481 2697 pudor
499 2637 593 2700 quem
611 2626 676 2678 tum
700 2619 839 2698 cogebat
862 2617 955 2680 obire

86 2716 275 2803 Blandaque
297 2718 455 2784 lassorum
479 2740 563 2793 vox,
587 2717 687 2780 mixta
710 2740 791 2782 voce
813 2719 975 2803 querelae.

87 2820 249 2906 Optumus
272 2822 337 2883 hoc
360 2819 416 2883 leti
438 2843 536 2905 genus
560 2843 640 2906 ergo
664 2819 798 2907 quisque
819 2823 959 2884 subibat.
1126 2821 1209 2886 1915

151 2924 254 3009 Inque
276 2921 347 2986 aliis
371 2923 463 2986 alium
487 2925 643 3007 populum
668 2923 804 3007 sepelire
826 2945 954 2988 suorum

86 3110 130 3154 W.
152 3128 181 3140 -
202 3107 263 3152 aliis
285 3105 314 3150 L.
335 3107 365 3151 ll.
384 3110 466 3164 „quod
480 3109 596 3152 orationis
610 3110 756 3154 concinnitas
778 3109 846 3153 valde
866 3109 1041 3153 romsneodat.''
1060 3108 1092 3165 (?)
1112 3108 1207 3154 Nobbe.

87 3175 166 3225 1998.
186 3176 306 3234 (peribat.
322 3177 363 3221 W.
379 3177 455 3234 cont.)
511 3177 586 3224 1999.
607 3185 630 3223 et
648 3181 780 3223 eliminavit
792 3180 833 3222 W.
849 3180 991 3224 artetur-itale
1011 3180 1087 3224 Codd.
1104 3178 1128 3228 9.
1146 3181 1208 3225 Edd.

85 3254 146 3295 vett.
186 3244 261 3291 1939.
282 3260 353 3306 qraom
367 3248 408 3290 W.
418 3249 481 3292 coni.
526 3246 602 3295 1933.
622 3251 733 3294 animum
747 3256 769 3293 et
782 3249 894 3292 mittebat
906 3246 1007 3308 ididem]
1024 3251 1062 3294 Sic
1074 3250 1117 3293 Cd.
1132 3251 1162 3295 Z.
1177 3251 1208 3295 A.

85 3321 116 3365 1..
131 3319 162 3362 11.
173 3319 266 3362 Eicbst.
281 3319 357 3361 Forb.
377 3318 485 3373 „inipso
499 3320 620 3373 illelom,
641 3321 679 3366 ubi
696 3335 749 3364 sese
766 3325 944 3375 prostraverat,
964 3321 1036 3363 sitam
1054 3320 1164 3364 edebat.”
1176 3344 1210 3354 -

84 3390 201 3435 animam
216 3388 328 3431 mittebat
347 3387 413 3430 idem
430 3391 488 3443 (otu.
504 3387 538 3445 er)
556 3390 600 3434 Cd.
612 3390 641 3433 F..
660 3392 685 3434 ln
699 3404 776 3448 inaug.
795 3389 896 3433 ibidem.
919 3413 952 3423 -
971 3390 1082 3432 ιιιιίιιιιινι
1097 3390 1210 3434 mittebat

85 3466 112 3505 et
129 3458 196 3503 tetam
215 3459 299 3512 Brix.,
321 3459 382 3515 quod
400 3458 525 3515 aliqnando
542 3461 599 3504 mibi
619 3462 749 3515 placuerat.
772 3485 803 3494 -
823 3461 934 3502 ιιηιῖιηνιιι
953 3458 1100 3502 immittebat
1118 3459 1210 3503 ibidem

86 3546 101 3577 e
113 3527 177 3574 C2d.
192 3529 264 3572 Wslt.
285 3552 318 3561 -
337 3528 447 3571 animum
464 3530 590 3573 etnittebut
605 3530 696 3574 ibidem
715 3532 758 3574 Cd.
774 3531 820 3585 C.;
841 3533 902 3586 quod
925 3544 980 3573 sane
995 3534 1100 3584 praestat
1114 3530 1209 3572 lectioni

85 3602 162 3645 wat.
186 3599 265 3656 Aegre
288 3603 365 3642 tamen
388 3600 472 3653 copula
491 3613 610 3644 caremus.
672 3598 747 3644 1236.
770 3602 847 3656 Quum
867 3614 908 3653 'aar
927 3604 1003 3642 toturn
1019 3599 1042 3641 b.
1061 3599 1078 3641 l.
1098 3611 1211 3641 uersuum
1248 3616 1250 3622 ·

86 3673 149 3715 ordo
164 3671 290 3712 admodum
310 3669 417 3712 turbatus
436 3670 505 3712 sitin
523 3671 598 3714 Codd.
617 3676 640 3715 et
657 3671 718 3714 Edd.
739 3675 813 3724 vett,
834 3671 897 3712 nulla
914 3670 972 3711 mibi
989 3668 1075 3725 religio
1091 3667 1136 3710 tuit
1149 3668 1209 3711 Har.

87 3747 113 3786 et
125 3740 218 3784 Eicbst.
233 3740 336 3784 desertis
350 3739 483 3782 Beratleium
497 3754 523 3783 ac
538 3742 610 3784 Wak.
625 3743 696 3784 duces
715 3741 781 3796 sequi
801 3745 958 3794 provocantes
969 3739 997 3780 ad
1011 3738 1118 3790 Thucyd.
1129 3735 1153 3792 9,
1166 3734 1208 3782 51.

86 3809 148 3861 Καὶ
166 3803 228 3863 ὅτι,
258 3802 359 3878 ἕτερος
377 3801 428 3869 ἀφ’
447 3804 550 3877 ἑτέρου
575 3807 733 3877 θεραπείας
751 3804 1022 3872 ἀναπιμπλάμενοι,
1056 3799 1154 3873 ὥσπερ
1173 3801 1211 3855 τὰ

20 3884 23 3889 ’
85 3877 227 3951 πρόβατα
245 3870 408 3942 ἔθνησκον,
436 3877 487 3926 καὶ
505 3875 558 3927 τὸν
577 3878 713 3929 πλεῖστον
732 3874 850 3948 φθόρον
869 3873 960 3925 τοῦτο
979 3872 1113 3924 ἐνεποίει.
1146 3878 1212 3921 Ean·

86 3953 142 3996 dern
158 3951 278 3994 rationem
295 3953 391 3993 seculus
407 3954 444 3993 est
461 3949 553 4003 Forb.‚
575 3964 644 4006 quem
664 3951 771 3994 consule.
812 3945 887 3992 1239.
909 3946 1210 3991 ltaCodd.Edd.vett.A.

86 4020 175 4080 cupidi
187 4021 216 4068 L.
232 4021 262 4063 ll.
303 4015 379 4063 1910.
398 4019 517 4064 Poeuibat
530 4020 636 4064 Turneb.
652 4019 799 4064 eoui.L.H.
813 4019 854 4060 W.
875 4040 907 4048 —
926 4015 1049 4060 Poenibue
1066 4031 1086 4060 s.
1103 4016 1212 4061 Peridus

86 4098 112 4136 et
133 4092 210 4135 Codd.
225 4091 285 4134 Ver.
301 4090 363 4136 Ven.
382 4109 416 4121 -
436 4088 543 4133 Venibus
560 4097 583 4134 et
599 4091 666 4134 Brir.
723 4085 799 4136 1919,
820 4086 910 4141 „ibunt
925 4087 941 4133 i.
961 4100 982 4130 e.
998 4087 1111 4141 abibant,
1136 4089 1210 4132 inter-

86 4160 180 4208 ibant.”
197 4160 274 4205 Forb'.
302 4159 342 4204 sie
358 4161 492 4203 etiamnunc
510 4161 561 4204 ttatt
582 4165 696 4214 usurpant
714 4172 783 4202 sunm
798 4171 821 4202 v.
839 4155 943 4200 undere.
996 4154 1071 4201 1916.
1092 4158 1212 4202 Construe

87 4247 144 4278 eum
160 4230 278 4277 Creeebiu
297 4233 321 4275 et
337 4229 472 4274 Knebelio:
504 4231 603 4283 „Alium
618 4232 731 4286 populum
749 4227 784 4286 (i.
799 4242 821 4273 e.
838 4225 1028 4281 multitudinem)
1045 4241 1143 4271 suorum
1159 4230 1214 4282 post

87 4305 162 4348 alium
180 4303 244 4347 inter
261 4302 323 4346 ulios
342 4293 389 4345 iam
409 4300 518 4345 bunratos
542 4301 644 4356 sepelire
669 4304 787 4345 certantes
807 4303 853 4343 ret.
887 4297 934 4343 atii
954 4297 1116 4356 distinguunt:
1136 4295 1213 4356 Inque
