2782 4762
194 205 264 271 118Ἰ

196 362 346 447 Unigeua
364 360 529 443 impellens
550 358 733 422 nutantibus
757 361 832 420 a‘c‘ra
855 358 968 439 pennis

261 462 388 527 Obtulit
410 461 569 526 Arsinois
594 460 761 525 Locridos
782 459 847 522 ales
865 480 979 544 equos.
994 517 1004 548 a
1048 501 1051 508 ·

193 567 290 645 Isque
310 585 369 646 per
392 562 550 626 aetherias
573 584 620 625 me
642 561 759 626 tollens
782 560 890 624 avolat
916 563 1043 623 umbras
1170 606 1187 610 »-
1272 561 1312 623 55

258 669 301 728 Et
325 663 463 728 Veneris
486 675 574 730 casto
598 662 796 726 conlocatio
818 662 955 745 grentio.

195 769 269 850 Ipsa
292 788 381 828 suum
405 763 593 846 Zephyritis
615 786 654 828 eo
678 765 831 826 famulum
853 764 994 847 legarat,

260 870 362 930 Grata
388 864 550 946 Canopeis
571 865 677 928 incola
702 865 888 941 thuribus,

195 968 328 1031 Scilicet
350 967 382 1028 in
404 966 496 1035 vario
518 987 556 1028 ne
578 967 680 1032 solum
703 967 801 1029 limite
820 965 915 1047 caeli?

260 1071 312 1131 Ex
338 1063 527 1130 Ariadnaeis
548 1089 642 1131 aurea
664 1068 863 1149 temporibus

197 1170 280 1234 Fixa
304 1169 438 1233 Corona
459 1169 563 1244 foret,
587 1173 642 1230 sed
662 1191 721 1232 nos
745 1189 873 1253 quoque
894 1169 1107 1253 fulgeremus⁴
1138 1224 1140 1226 ,

259 1273 409 1334 Devotae
431 1269 507 1343 flavi
530 1270 660 1333 verticis
681 1269 829 1334 eximiae.

197 1507 264 1547 terra
284 1514 330 1545 non
350 1501 418 1544 tacite
439 1503 551 1556 tottatur;
571 1503 721 1558 cogitandum
739 1505 803 1545 enim
821 1514 875 1545 esse
894 1514 940 1544 non
959 1505 1006 1543 tam
1021 1501 1165 1554 mortalem,
1185 1501 1314 1562 sed-Dirae

198 1571 332 1614 ministerio
352 1575 441 1624 aptum.
479 1570 585 1612 Struthio
605 1575 698 1622 autem,
726 1571 803 1628 pergit
821 1572 876 1622 ille,
902 1571 1037 1612 llleinnouis
1058 1573 1173 1625 unigena,
1193 1569 1210 1612 i.
1231 1584 1253 1612 e.
1272 1583 1313 1626 ge·

196 1641 258 1683 nitus
279 1653 322 1681 una
341 1638 438 1694 (Epith.
452 1639 504 1682 Pel.
519 1652 542 1681 ι.
558 1634 801 1692 300,1’ρει1ι11ιε1οι,
823 1639 893 1694 quia,
913 1652 985 1694 quum
1008 1639 1031 1680 in
1051 1651 1112 1696 rogo
1130 1639 1314 1694 Mernuoncre·

195 1714 317 1760 inuretur,
339 1707 369 1749 ob
388 1719 471 1760 preces
490 1707 598 1750 Aurorae
617 1707 641 1750 in
660 1721 727 1750 arem
740 1713 843 1750 mutatus
856 1712 906 1758 est,
928 1709 1027 1762 eiusque
1049 1719 1078 1750 ex
1091 1706 1211 1750 cineribus
1226 1708 1315 1750 multae

195 1778 267 1826 simul
279 1777 339 1819 aliae
351 1777 520 1829 evolaverunt,
542 1776 694 1821 Memnoniae
706 1789 726 1820 s.
742 1777 908 1819 Memnonides
921 1776 1007 1819 dictae.
1023 1775 1092 1819 01111.
1107 1776 1168 1818 Met.
1185 1771 1230 1826 13,
1253 1771 1314 1819 6117.

196 1869 229 1878 -
249 1857 350 1888 sorores
369 1845 525 1896 innumerae,
546 1843 635 1901 picibus
660 1849 698 1887 est
722 1844 807 1887 eadem
826 1844 921 1887 natalie
939 1844 1029 1900 origo,
1050 1844 1131 1886 cineri
1149 1849 1257 1902 cognata
1275 1857 1315 1886 ee·
1338 1836 1346 1894 J

192 1915 263 1972 pullo
277 1926 392 1969 corpora.
416 1913 588 1958 'nternfflmdee
607 1927 664 1957 vero
683 1927 738 1956 ares
759 1928 817 1970 quiae
836 1913 933 1968 proprie
951 1914 1012 1965 sint,
1033 1926 1104 1969 quum
1123 1913 1183 1954 haud
1203 1917 1316 1956 accurate

197 1982 332 2026 definierint
351 1982 456 2037 antiqui,
478 1982 535 2024 nihil
554 1995 611 2026 sutis
630 1987 709 2026 rctare
728 1984 873 2034 arbitratur,
892 1994 945 2037 ·quo
964 1982 1043 2024 minus
1062 1981 1186 2034 Aethiopis
1205 1982 1315 2024 Memno·

196 2053 232 2096 uis
253 2053 393 2108 unigenam
412 2045 584 2102 struthionem,
605 2065 671 2095 avem
690 2052 746 2094 ilem
759 2052 926 2104 Aethiopicam
939 2049 1098 2093 Callimachus
1118 2051 1297 2102 triniacupaverit.
1301 2050 1318 2069 ''

198 2141 227 2152 -
248 2122 294 2162 Sed
314 2134 341 2163 ne
361 2120 595 2175 quiddissirnutem,
629 2122 708 2162 obstat
732 2119 1116 2162 auhucauctoutawtettauttt.
1136 2119 1167 2162 Α,
1188 2115 1266 2170 5,1
1285 2119 1316 2161 de
1349 2124 1351 2128 ’

198 2189 281 2231 avibus
300 2189 353 2230 istis
372 2188 430 2230 haec
448 2189 577 2231 tradentis:
598 2183 654 2249 γῆν
672 2183 727 2249 την
744 2183 903 2268 Παριανῶν
921 2186 973 2234 καὶ
990 2181 1045 2250 τὴν
1057 2185 1176 2267 γείτονα
1188 2183 1318 2251 Κύζικον

146 2256 149 2267 ’
196 2249 341 2336 dpvibag
338 2255 430 2303 οἰκεῖν
447 2253 578 2318 μέλανας
596 2252 666 2308 ἰδεῖν
690 2269 784 2316 φασι,
811 2251 846 2303 τὸ
877 2253 907 2302 δὲ
937 2269 1041 2318 οχημα
1070 2250 1163 2333 εἴποις
1193 2246 1316 2323 ἱέρακας

196 2321 309 2385 αὐτοὺς
326 2317 372 2372 ἄν.
394 2338 417 2368 ι.
433 2323 508 2378 ticin.
524 2324 625 2368 Excurs.
642 2321 666 2367 3.
681 2326 783 2368 adden.
797 2322 837 2371 11.
851 2338 874 2378 p
887 2321 945 2367 637.
967 2325 1037 2368 ltah.
1053 2325 1070 2368 1.
1085 2325 1315 2382 rruigenanouuna

196 2396 289 2452 gentius
309 2395 369 2445 erit,
395 2394 436 2436 sed
457 2406 484 2436 ex
504 2393 586 2436 eadem
604 2374 673 2449 gente
694 2395 817 2436 oriundus.
847 2394 959 2436 Ceterum
976 2394 1116 2437 viscomtus
1135 2406 1267 2446 provocans
1286 2395 1316 2436 ad

116 2490 119 2492 -
197 2465 282 2507 Valck.
298 2464 414 2516 (l'heocr.
425 2461 541 2504 Adoniaz.
557 2475 580 2515 p.
596 2458 654 2506 355.
659 2461 688 2513 )
684 2476 705 2504 m
724 2462 808 2513 ttediti
824 2461 908 2518 Epigr.
924 2462 1020 2505 Anthol.
1035 2463 1113 2508 Palat
1125 2459 1149 2508 2.
1163 2475 1187 2515 p
1200 2459 1259 2505 161.
1271 2475 1317 2515 pro

134 2558 136 2563 ,
196 2529 317 2592 εἰδείης,
338 2530 558 2574 cuilacobsrerte
578 2527 864 2593 substituitaiiloipg·
881 2523 1075 2598 -Ἀρσινόης,
1091 2525 1315 2592 Ἱππείηςειιιοιι-

197 2600 603 2652 ι1ιιιι1ειιι,1ιιιιιοΙοοιιιιιΙιιιιάι,ι1
632 2600 741 2655 quasit.
758 2597 799 2644 51.
821 2601 941 2656 legeretur
960 2599 1029 2652 alea
1057 2613 1144 2657 aprica,
1172 2600 1316 2651 etexplicat

197 2672 224 2713 de
244 2673 314 2711 reirto
333 2671 413 2721 alato,
443 2669 509 2710 cuius
534 2666 625 2726 effigies
649 2669 751 2711 fuerit
746 2683 768 2710 in
788 2669 904 2711 Arsinoes
922 2669 1033 2712 delubro.
1053 2668 1163 2726 lconogr.
1181 2681 1220 2723 gr.
1238 2668 1269 2710 ’.Γ
1288 2665 1315 2711 3.

196 2751 220 2792 p.
236 2734 295 2779 221,
343 2733 384 2781 53
404 2736 549 2795 natantibus
568 2738 687 2780 Μιιικ-
706 2736 860 2780 arietantibus
878 2737 956 2779 Benll.
974 2737 1059 2780 vitet.
1081 2739 1151 2790 prob.
1172 2736 1271 2783 Wa'liel
1286 2737 1316 2778 ad

196 2802 336 2858 lauerat-,6
352 2802 412 2848 836.
431 2803 494 2848 Heic
514 2803 592 2861 laves)
611 2804 653 2848 ulii
671 2791 764 2848 nictari
782 2811 904 2863 nequeunt
921 2805 1086 2868 insistereque
1104 2806 1170 2858 alia,
1192 2805 1230 2847 ubi
1249 2805 1316 2848 Festi

196 2876 339 2919 auctoritate
359 2874 449 2918 nititur
471 2875 546 2918 Codd.
567 2875 667 2918 nixari.
699 2874 744 2918 Sed
770 2875 823 2917 ideo
850 2873 934 2929 ubique
954 2873 1119 2917 intrudendum
1138 2886 1184 2917 uon
1204 2879 1304 2929 erat3v

196 2943 331 2987 rectissime
350 2945 378 2986 de
398 2944 435 2985 his
454 2943 536 2986 verbis
553 2950 659 2996 nutare,
685 2950 789 2996 natare,
815 2943 913 2985 nictare
931 2942 1074 2986 iudicantem
1093 2942 1155 2991 oua.
1178 2943 1207 2984 ad
1227 2943 1315 2996 Appul.

197 3014 257 3055 Met.
275 3009 297 3054 6.
317 3024 340 3065 p.
360 3009 419 3054 109.
439 3011 587 3070 libratisque
602 3013 740 3067 pirenorum
760 3012 900 3055 rutilantium
919 3011 1034 3055 molibus.
1051 3028 1087 3045 -·
1104 3013 1251 3068 aieeepuos
1267 3010 1315 3056 Ed.

198 3085 274 3135 princ.
293 3081 345 3122 snt.
360 3079 460 3123 Lachm.
478 3082 573 3135 antiqua
589 3084 717 3134 scriptura.
763 3078 804 3125 51.
824 3078 959 3123 locridicos
974 3081 1043 3124 Statii
1056 3080 1132 3123 Codd.
1153 3103 1185 3112 -
1196 3078 1314 3123 ¹‹locridi-

198 3162 241 3193 σοι
257 3149 324 3193 Leia.
343 3170 376 3180 —-
396 3148 544 3192 elocridicos
558 3151 618 3192 Cod.
635 3149 749 3191 Ambros.
768 3150 797 3195 tt.
819 3173 851 3182 -
875 3145 1004 3201 Chloridos
1022 3148 1065 3191 Ed.
1084 3162 1121 3202 pr.
1138 3149 1273 3204 Doer..qua
1287 3161 1316 3192 ex

193 3218 292 3263 ,ratione
313 3215 440 3259 Chloridos
460 3230 544 3272 equum
570 3217 616 3259 diei
642 3219 698 3260 olnn
718 3218 886 3261 asseverabant
905 3218 1040 3270 Zephyrum
1062 3219 1168 3273 eiusdem
1186 3219 1315 3277 maritum,

197 3288 234 3328 tel
253 3285 372 3327 Arsinoen
393 3285 521 3327 Chloridos
547 3299 646 3341 quoque
665 3292 847 3342 cognomentum
867 3286 977 3341 hahuisse
996 3287 1153 3328 somniarunt.
1182 3286 1227 3328 Sed
1247 3299 1316 3339 prae-

198 3356 262 3397 clare
274 3354 353 3396 Bentl.
369 3355 431 3401 coni.
445 3352 566 3397 Locridos
574 3385 582 3406 ‚
602 3368 631 3397 ex
646 3355 715 3412 Vir-g.
734 3356 794 3399 Aen.
811 3352 839 3397 11
850 3385 856 3405 ,
876 3351 935 3398 265.
948 3353 969 3398 L
981 3352 1229 3413 bycone'habitantee
1241 3355 1317 3397 litore

197 3422 310 3467 Locros?
330 3423 368 3465 ubi
383 3423 498 3466 Servius:
519 3421 595 3465 Locri
612 3424 676 3466 socii
693 3422 781 3467 Aiacis
802 3423 869 3466 Oilei
882 3419 991 3480 suerunt
1001 3420 1168 3481 Epizephyrii
1185 3428 1208 3466 et
1227 3421 1316 3466 Oceli:

198 3490 309 3544 (Ozolae)
334 3490 379 3534 sed
401 3488 429 3533 tu·
453 3496 597 3547 tempestate
616 3491 690 3536 dirisi
709 3498 768 3535 eunt
793 3517 828 3533 .-
857 3490 1211 3547 Οιοίί111111Ριιιὶιιςιοὶιίιι.4
1239 3492 1270 3535 Et
1291 3495 1315 3534 iu
1371 3511 1374 3517 ¹

197 3561 322 3615 Pentapoli
339 3559 435 3603 Africae
448 3574 469 3603 s.
482 3561 613 3612 Cyrenaica
626 3561 669 3604 fuit
682 3556 830 3629 Ζεφύριον
845 3552 948 3629 ἄκρον.
986 3559 1027 3605 55.
1048 3560 1147 3604 advolat
1159 3559 1234 3608 Codd.
1251 3561 1314 3603 Edd.

198 3643 291 3674 omues.
314 3650 343 3661 -
363 3629 445 3671 auolat
463 3632 558 3687 egregia
580 3634 616 3673 est
634 3631 730 3674 Canteri
750 3630 885 3683 correctio,
907 3635 1002 3682 recepta
1021 3632 1092 3672 etiarn
1112 3644 1125 3672 a
1144 3630 1197 3672 snt.
1225 3630 1249 3671 ln
1263 3631 1314 3672 rul-

196 3699 248 3756 gari
269 3699 369 3741 lectione
390 3698 426 3739 bis
447 3699 508 3741 idem
525 3695 626 3750 dieitur,
645 3713 673 3742 se
693 3698 781 3742 obtulit
796 3705 819 3741 el
840 3698 928 3741 tollens
948 3698 1007 3751 (pro
1023 3697 1186 3750 ιιιὸὶιιίιιιιιι)
1206 3697 1314 3741 advolat.

198 3768 233 3810 lb.
255 3768 356 3810 umbras
370 3765 446 3823 Codd.
461 3767 573 3810 Atnbros.
587 3765 611 3811 1.
626 3768 671 3814 Ed.
685 3769 760 3822 princ.
775 3768 834 3810 Stat.
847 3768 910 3811 Scal.
922 3769 994 3810 Voss.
1007 3768 1077 3810 Fosc.
1091 3767 1167 3810 Noctu
1183 3767 1246 3810 euim
1260 3767 1315 3809 sub-

199 3838 244 3878 lata
264 3842 300 3879 est
319 3849 395 3879 coma.
427 3860 459 3868 —
487 3850 566 3879 aur-aa
592 3837 723 3890 Calphuru.
744 3832 904 3879 Attanum.
925 3836 999 3879 Doer.
1016 3837 1101 3880 Valck.
1121 3837 1183 3892 quod
1200 3837 1227 3879 de
1248 3849 1315 3878 corna

125 3902 141 3914 ”
176 3911 177 3914 ’
199 3905 333 3948 Ariadnaea
352 3910 417 3948 recte
438 3905 497 3947 dixit
515 3905 586 3948 Ovid.
602 3906 661 3949 Met.
677 3903 706 3958 8,
723 3903 780 3948 119.
802 3911 887 3947 tenues
906 3905 1033 3948 volatilla
1048 3917 1096 3960 per
1109 3918 1198 3947 aiirae.
1220 3905 1315 3946 Zarino·

198 3974 251 4015 nius
267 3976 305 4026 (r.
319 3971 454 4031 Autologia
472 3973 498 4016 di
516 3972 693 4017 ttrenzelttov.
711 3970 785 4018 1830.
804 3986 826 4026 p.
842 3971 911 4022 122.)
929 3974 985 4030 tegit
1001 3974 1054 4016 aler
1073 3987 1147 4031 eques
1165 3974 1315 4028 explicatque
1336 4019 1340 4025 ,

199 4044 226 4085 de
243 4041 370 4094 Lucifero,
391 4043 493 4087 Veneris
510 4048 591 4095 nstro,
618 4044 718 4100 unigena
738 4042 755 4086 i.
772 4057 795 4085 e.
813 4042 886 4085 fratre
903 4043 1053 4095 Memnonis,
1082 4043 1203 4097 quiaipse
1221 4056 1315 4099 qnoque

199 4110 295 4153 Lucifer
315 4113 423 4154 Aurorae
443 4110 522 4167 filius;
542 4114 624 4156 stellas
642 4117 718 4155 autem
733 4113 799 4166 equis
812 4111 883 4166 vehi3
904 4112 987 4153 alitem
998 4111 1097 4166 deniqne
1111 4113 1156 4154 dici
1166 4111 1314 4163 Luciferum,

198 4185 224 4223 ut
247 4180 308 4234 apud
329 4181 454 4222 Valerium
475 4181 554 4224 Ftacc.
573 4181 637 4240 Arg.
659 4179 688 4233 6,
711 4176 769 4224 527.
796 4180 880 4223 roscia
903 4179 923 4223 it
940 4179 1044 4237 Lacijer
1062 4180 1121 4223 alis.
1153 4180 1314 4224 Nihilominus
1378 4193 1380 4196 ·

197 4249 309 4306 praefero
334 4249 443 4306 equidem
462 4249 549 4293 Moutii
573 4251 691 4294 rationem
709 4249 834 4304 probatam
851 4250 922 4292 etiarn
940 4249 1149 4307 Brueggernauuo.
1205 4245 1246 4293 5⁶.
1266 4249 1314 4292 Per
