2782 4762
142 154 180 215 tn

138 312 274 378 Aeoliae
297 324 455 376 terrarum
478 334 551 376 oras
576 333 594 374 a
614 309 730 374 finibus
753 311 833 375 eius.

138 416 203 481 Hic
224 428 271 480 est
293 428 382 481 vasta
404 415 591 496 Charybdis
611 426 643 478 et
662 415 716 478 hic
737 415 880 478 Aetnaea
903 416 1060 480 minantur

139 522 310 585 Murmura
330 520 527 582 flammarum
550 540 676 582 rursum
700 538 733 580 se
758 518 914 602 colligere
935 518 1019 594 iras,
1049 521 1052 530 '

138 623 299 686 Faucibus
321 632 454 703 eruptos
473 619 587 681 iterum
609 619 658 679 vis
680 630 714 679 ut
736 630 845 682 vomat
868 620 990 704 igneis,

137 728 192 791 At
211 723 395 809 caelumque
415 722 500 786 ferat
518 721 656 783 flammai
677 719 808 805 fulgura
827 745 973 800 rursum;

137 830 230 910 Quae
247 849 345 912 quom
368 847 482 910 magna
504 824 608 888 modis
630 821 736 885 multis
760 823 903 889 miranda
929 826 1056 891 videtur

137 929 295 997 Gentibus
316 929 460 992 humanis
483 927 577 1011 regin
600 925 795 1009 visundaque
817 927 923 992 fertur

135 1036 246 1099 Rebus
270 1032 378 1116 opima
397 1029 508 1106 bonis,
531 1030 628 1093 multa
650 1028 767 1091 munita
788 1028 893 1093 virum
915 1031 965 1095 vi:

136 1137 193 1200 Nil
213 1148 317 1199 tamen
339 1136 405 1200 hoc
428 1132 578 1197 habuisse
600 1131 673 1196 viro
694 1132 892 1214 praeclarius
909 1133 943 1198 in
965 1158 998 1200 se

134 1241 206 1303 Nec
228 1249 371 1303 sanctum
392 1235 493 1321 magis
515 1248 547 1300 et
566 1227 682 1298 mirum
706 1257 878 1322 earumque
900 1237 1041 1303 videtur.

134 1340 287 1407 Carmina
308 1341 384 1427 quin
410 1339 504 1404 etiam
526 1337 628 1402 divini
649 1337 792 1422 pectoris
815 1339 881 1403 eius

133 1443 368 1509 Vociferantur
386 1453 418 1506 et
439 1453 605 1524 exponunt
627 1441 794 1524 praeclara
815 1455 963 1525 reperta;

134 1550 178 1612 Ut
200 1547 258 1609 vix
279 1549 415 1609 humana
438 1544 584 1609 videatur
606 1543 705 1627 stirpe
733 1557 870 1610 creatus.

133 1649 199 1715 Hic
222 1662 325 1713 tamen
348 1661 398 1725 et,
422 1669 519 1731 supra
541 1669 624 1732 quos
648 1646 810 1725 diximus‚.
825 1648 997 1715 inferiores
1052 1631 1057 1640 ¹

133 1753 286 1819 Partibus
305 1751 438 1838 egregie
458 1749 564 1814 multis
586 1749 751 1835 multoque
768 1751 925 1830 minores,

133 1858 334 1942 Quamquam
355 1854 452 1918 multa
475 1857 557 1919 bene
581 1876 618 1916 ac
639 1852 790 1918 divinitus
811 1853 1008 1922 invenientes

132 1961 187 2024 Ex
208 1963 307 2040 adyto
327 1970 487 2044 tamquam
510 1957 620 2022 cordis
641 1978 798 2039 responsa
822 1961 938 2025 dedere

133 2061 280 2127 Sanctius
302 2073 335 2125 et
354 2061 454 2125 multo
478 2072 566 2124 certa
586 2059 714 2124 ratione
738 2061 855 2146 magis,
880 2086 973 2148 quam

132 2163 252 2245 Pythia
274 2185 354 2249 qnae
376 2161 506 2246 tripode
528 2184 570 2225 ex
587 2161 718 2227 Phoebi
739 2162 896 2250 lauroque
919 2167 1088 2250 profatur,

132 2266 309 2351 Principiis
330 2262 489 2331 tamenin
511 2287 619 2329 rerum
639 2265 747 2328 fecere
769 2265 878 2330 ruinas

131 2371 176 2434 Et
197 2369 342 2455 graviter
364 2368 471 2454 magni
495 2389 610 2453 inagno
634 2366 781 2432 cecidere
801 2368 847 2432 ibi
866 2393 960 2437 casu:

132 2472 293 2549 Primum,
316 2476 405 2558 quod
424 2483 528 2537 motus
536 2516 545 2548 ,
568 2481 719 2555 exempto
741 2475 838 2538 rebus
860 2473 963 2553 inani,

185 2721 243 2768 722.
264 2719 299 2766 l‘ta
313 2723 342 2766 ll.
350 2723 392 2767 W.
401 2722 429 2767 F.
442 2737 454 2767 e
465 2722 526 2766 Cod.
534 2723 610 2781 Lugd.
620 2721 645 2768 2.
654 2738 668 2767 a
680 2737 729 2768 sac.
745 2737 777 2768 m.
792 2748 823 2758 -
836 2723 1026 2772 HaelioeCodd.
1034 2726 1059 2773 l.
1068 2729 1149 2785 (etiam
1158 2731 1203 2791 G.)
1214 2759 1246 2768 —-

130 2794 219 2838 liuline
229 2797 356 2836 terrarum
363 2793 456 2849 Reliqui
464 2792 503 2848 (C.
511 2792 622 2846 E.)Edd.
631 2798 688 2839 vett.
701 2813 737 2825 -
748 2792 837 2838 Italiae
844 2796 960 2844 tarrniL.
970 2821 1003 2830 -
1016 2798 1129 2844 Aeoliam
1136 2801 1248 2860 Liparen

131 2865 190 2908 dixit
201 2864 271 2920 vtrg.
280 2862 340 2910 Aen.
350 2860 363 2906 8
374 2894 380 2916 ,
393 2859 453 2907 416.
467 2862 512 2906 cfr.
522 2863 587 2906 Pliu.
597 2860 626 2917 3,
643 2860 684 2910 lt.
723 2861 847 2919 [Ceterum
863 2866 989 2910 admodum
1000 2870 1114 2914 notabilis
1130 2877 1166 2916 cst
1176 2875 1247 2917 lectio

131 2934 198 2978 Gott.
206 2947 236 2976 uc
238 2928 370 2990 fructibus
378 2931 451 2992 longi
461 2931 559 2975 lonium
568 2932 596 2987 (i.
606 2946 628 2977 e.
636 2929 796 2991 amfractibu'
804 2935 879 2994 longa
889 2934 995 2990 Ionium)
1004 2939 1042 2998 gl.
1051 2942 1169 3000 aspargit
1178 2944 1247 2988 uirus

131 3004 162 3047 nb
187 3001 278 3056 undis,·
306 3004 373 3047 cuins
392 3003 447 3046 lect.
468 3003 614 3046 constructio
637 3003 696 3047 baec
717 3008 795 3048 esset:
824 3005 952 3058 „Siciliam
976 3011 1070 3066 magnis
1090 3011 1247 3057 amfractibus

130 3071 316 3118 circumfinitans
332 3071 427 3115 lonium
444 3072 510 3115 virus
529 3069 576 3128 (ε
596 3073 707 3131 salsugo,
727 3086 793 3118 mare
804 3105 811 3127 ‚
832 3074 933 3120 subiecti
952 3077 1017 3132 loco)
1039 3081 1109 3138 longe
1127 3081 1212 3139 (usque
1234 3097 1246 3127 e

130 3144 259 3201 longinquo
278 3137 385 3198 fluitans)
402 3141 432 3184 ab
454 3142 522 3184 nudis
540 3141 631 3198 glaucis
646 3144 752 3199 aspergit
772 3143 838 3200 (curn
854 3146 939 3190 codem
956 3147 1065 3203 obiecto,
1095 3151 1157 3206 quod
1176 3152 1248 3196 babel

129 3226 152 3261 r.
171 3209 374 3275 circumfinitam
393 3212 445 3254 scil.
463 3207 593 3264 Siciliam.)
617 3209 673 3268 (pro
691 3212 761 3255 airus
779 3215 840 3257 tuate
857 3215 901 3258 Cd.
919 3215 947 3259 C.
966 3217 1049 3272 litus.)
1084 3219 1121 3263 Ad
1142 3233 1164 3264 v.
1186 3218 1245 3266 721.

129 3287 185 3326 nota
202 3282 306 3327 similam
323 3282 429 3324 colorem
447 3280 536 3324 babere
553 3293 651 3323 versum
668 3280 783 3338 incogniti
797 3286 896 3338 poetae,
918 3285 1004 3340 Ennii,
1025 3293 1097 3343 puto,
1119 3292 1180 3344 apud
1193 3290 1246 3336 Cic.

128 3353 159 3397 dr
175 3351 209 3397 N.
220 3350 251 3395 D.
267 3348 280 3395 3
289 3383 296 3405 ,
314 3346 336 3406 ὗ.
351 3347 395 3394 24.
413 3346 542 3406 Europam
559 3347 714 3408 Libyamque
729 3364 814 3406 rapax
826 3351 869 3396 ubi
879 3353 968 3400 dividit
978 3356 1056 3401 unda.
1092 3358 1247 3404 Constructio

127 3412 210 3467 Ula!
228 3421 287 3465 bace
307 3424 357 3464 est:
377 3432 463 3474 „mara
481 3419 550 3463 undis
568 3419 652 3463 dividit
666 3434 680 3463 a
698 3417 892 3468 fiaibnsSiciliaa
909 3439 966 3470 oras
985 3431 1105 3471 terrarum
1119 3429 1249 3475 Aeoliae.”

128 3504 162 3527 δ-
180 3491 279 3549 „Quum
293 3488 443 3544 teniporibns
459 3490 562 3546 antiquis
583 3493 633 3532 tota
651 3490 720 3549 regio
734 3491 819 3536 Aeolia
834 3494 941 3550 audiret,
961 3494 1026 3540 terra
1042 3498 1106 3542 freto
1121 3499 1245 3555 perrupffi,

127 3560 236 3617 partibus
252 3560 348 3604 Siciliae
368 3558 468 3603 ditabis
493 3560 516 3602 id
539 3572 625 3604 nomeu
651 3562 802 3616 potissimum
820 3563 1012 3610 inhaerescebat.
1049 3568 1086 3612 lbi
1102 3570 1203 3613 Vulcani
1223 3577 1247 3614 ct

127 3632 259 3686 Cyclopum
273 3630 372 3683 domus,
392 3633 460 3673 antra
478 3629 571 3675 scilicet
581 3629 684 3685 Aeolia,
711 3632 870 3687 scriptoribus
888 3636 1015 3689 permultis
1027 3639 1160 3683 decantata.
1181 3640 1245 3684 Haec

126 3705 207 3745 autem
223 3700 368 3757 colliguntur
387 3710 417 3742 ex
434 3699 541 3754 scholio,
562 3701 624 3757 quod
639 3715 668 3744 ex
683 3701 752 3746 libris
769 3700 820 3746 suis
839 3705 946 3748 nonnulli
964 3707 1150 3763 deprompsere:
1170 3741 1183 3762 ,‚
1191 3709 1243 3764 Ea,

127 3784 197 3828 quam
217 3769 337 3822 locastes,
358 3769 427 3813 Aeoli
440 3767 519 3824 filius,
540 3771 568 3813 ad
582 3770 671 3814 fretum
684 3772 791 3816 Siculum
805 3773 966 3829 inhabitabat,
986 3790 1041 3830 pars
1057 3779 1121 3822 dicta
1131 3773 1246 3823 Aeolia.’'

127 3839 224 3886 Wakef.
247 3839 299 3883 Cfr.
322 3838 393 3883 Diod.
408 3837 438 3893 6,
461 3836 498 3897 8.]
553 3836 611 3884 725.
638 3842 677 3884 Sic
692 3841 721 3885 L.
741 3841 770 3887 F.
801 3865 835 3876 -
865 3844 902 3888 nia
927 3851 953 3888 at
972 3847 1068 3891 omnint
1085 3847 1116 3892 G.
1132 3846 1190 3891 Atii.
1212 3874 1243 3883 -

125 3911 216 3954 iterum
235 3915 261 3953 ut
279 3909 316 3953 via
333 3914 429 3954 evomet
445 3909 477 3952 E.
494 3910 524 3963 ll.
539 3910 582 3954 W.
601 3934 634 3943 —
655 3911 745 3954 iterum
763 3911 801 3955 uir
819 3920 914 3958 onomat
930 3915 959 3959 (l.
1017 3914 1076 3961 731.
1095 3918 1242 3976 clarumque

125 3981 186 4024 Fab.
225 3975 284 4025 740.
299 3993 332 4022 ex
344 3979 386 4024 dio
398 3979 458 4024 Cod.
469 3979 568 4024 Momm.
577 3993 616 4035 ap.
628 3980 822 4027 L.-Cod.C.:
843 3997 859 4026 a
874 3982 980 4029 Phoebi:
1000 3989 1041 4031 sed
1055 3987 1100 4031 cfr.
1117 3987 1241 4043 Aristoph.

124 4050 190 4094 Plut.
202 4046 244 4095 39.
263 4047 293 4097 τί
306 4045 369 4111 δῆθ’
387 4042 405 4098 ὁ
423 4046 532 4110 Φοῖβος
543 4041 649 4099 ἔλακεν
663 4046 698 4097 ἐκ
706 4046 767 4100 τῶν
779 4047 974 4117 στεμμάτων;
994 4061 1020 4099 ut
1036 4057 1074 4101 ate
1092 4070 1126 4100 ex
1144 4057 1243 4115 tripode

123 4117 226 4165 Phoebi.
263 4115 322 4164 tta.
343 4119 411 4162 Iliad.
428 4117 474 4171 18,
489 4117 531 4164 26.
551 4113 645 4180 αὐτὸς
665 4116 688 4167 δ’
708 4117 740 4169 e’v
757 4120 877 4191 κονίῃσι
892 4122 987 4190 μέγας
1002 4123 1171 4190 μεγαλωστὶ
1188 4141 1243 4176 τα-

123 4187 251 4250 νυσθείς.
305 4186 364 4234 743.
384 4189 543 4244 Empedocles
561 4204 585 4234 v.
601 4186 658 4237 183.
674 4191 709 4237 St.
725 4185 796 4240 ου’δέ
816 4205 844 4242 τι
863 4192 920 4243 τοῦ
940 4191 1051 4258 παντὸς
1068 4193 1171 4247 κενεὸν
1190 4196 1243 4246 πέ-

123 4256 183 4323 λει,
202 4255 271 4309 ου’δὲ
287 4253 438 4330 περισσόν.
450 4258 487 4303 lb.
521 4261 648 4318 primum,
668 4260 711 4319 qui
728 4260 757 4304 C.
