2782 4762
87 355 253 421 Oceanum
271 363 409 438 propter
431 351 506 417 litus
527 351 706 438 pelagoque
728 371 858 427 severa,

87 458 164 540 Quo
186 478 291 544 nequa
312 468 423 522 noster
447 455 513 520 adit
538 454 705 541 quisquam
727 475 788 518 uec
810 453 968 517 barbarus
986 449 1103 517 audet?

153 560 270 625 Cetera
293 563 468 644 degenere
490 559 657 643 hecquae
679 568 750 620 sunt
772 566 923 638 portenta
943 565 1128 638 perempta,

87 661 208 728 Sinon
229 661 316 726 vieta
335 662 462 738 forent,
486 660 564 747 quid
586 663 713 724 tandem
733 659 808 722 viva
830 656 1008 723 nocerent?

86 766 162 842 Nil,
186 778 220 829 nt
243 764 382 848 opinor:
408 763 451 829 ita
476 767 516 828 ud
538 762 680 827 satiatem
700 773 787 826 terra
807 761 949 825 serarum
1170 758 1211 819 10

87 871 184 932 Nunc
204 867 298 932 etiam
320 866 414 931 scatit
435 879 467 931 et
485 865 613 948 trepido
635 876 763 930 terrore
786 864 940 946 repletast

89 973 158 1034 Per
176 992 309 1037 nemora
329 993 368 1034 ac
389 969 524 1036 monteis
544 989 678 1053 magnos
699 967 860 1052 silvasque
881 965 1079 1048 profundas:

90 1075 181 1154 Quae
201 1075 276 1142 loca
295 1073 416 1139 vitandi
439 1073 627 1159 plerumque
650 1082 699 1136 est
721 1082 830 1135 nostra
850 1078 1006 1152 potestas.

154 1181 200 1243 At
222 1178 284 1243 nisi
305 1189 508 1264 purgatumst
530 1185 659 1264 peetus,
683 1195 764 1256 quae
783 1170 910 1255 proelia
930 1169 1025 1236 nobis

88 1283 199 1367 Atque
222 1281 365 1365 pericula
388 1294 460 1345 sunt
481 1281 618 1367 ingratis
639 1279 877 1348 insinuantium!
1170 1274 1210 1337 45

90 1386 236 1465 Quantae
257 1396 324 1446 tum
347 1384 494 1449 scindunt
514 1385 677 1450 hominem
697 1385 862 1468 cupedinis
886 1393 977 1450 aeres'

88 1486 271 1553 Sollicitum
294 1491 408 1551 curae!
433 1487 624 1574 quanteique
644 1487 777 1570 perinde
800 1488 949 1552 timores!

89 1589 219 1669 Quidve
239 1589 407 1672 superbia,
430 1589 586 1673 spurcitia
610 1612 647 1653 ae
669 1589 862 1672 petulantia,
886 1602 1020 1676 quantas

88 1689 243 1754 Effieiunt
262 1691 399 1768 eladeis,
424 1691 502 1778 qnid
523 1692 617 1755 luxus
641 1691 863 1778 desidiaeque!

153 1795 245 1857 Haec
266 1792 367 1878 igitur
389 1794 445 1880 qui
464 1806 577 1857 cuncta
596 1795 761 1877 subegerit
781 1795 1011 1881 exanimeque
1170 1797 1212 1858 50

88 1895 264 1978 Expulerit
281 1895 392 1973 dietis,
415 1917 481 1961 non
503 1895 619 1971 armis3
642 1918 748 1960 nonne
767 1897 911 1973 decebit,

88 2000 187 2062 Hunc
208 1997 369 2062 hominem
391 2019 524 2062 numero
548 1997 657 2062 divbm
681 1997 846 2083 dignarier
867 1999 957 2063 esse?

90 2101 198 2180 Quodn
221 2102 301 2165 bene
322 2101 510 2182 praesertim
534 2099 630 2162 multa
654 2123 693 2164 ae
712 2100 865 2164 divinitus
881 2100 962 2185 ipsis

88 2202 324 2267 Immortalibu'
347 2206 385 2266 de
408 2201 491 2265 divis
511 2205 586 2266 dare
608 2201 694 2265 dicta
715 2203 817 2267 suerit

88 2305 199 2390 Atque
218 2326 342 2369 omnem
365 2326 473 2369 rerum
492 2315 636 2367 naturam
659 2309 799 2387 pandere
822 2306 929 2370 dietis.
1170 2309 1211 2373 bb

154 2406 279 2488 Quoius
303 2428 366 2493 ege
389 2405 552 2492 ingressus
576 2405 711 2492 vestigia
731 2411 804 2472 dum
826 2409 969 2474 rationes

89 2609 117 2657 3.
130 2610 208 2656 Codd.
226 2610 361 2671 pelagique
373 2623 467 2656 sonora
478 2610 540 2656 Edu.
553 2614 611 2655 vett.
624 2612 669 2657 Ar.
681 2611 713 2658 Α.
732 2612 783 2668 ,At
797 2626 888 2658 seuera
904 2614 980 2671 inquit
997 2614 1040 2660 W.
1052 2613 1136 2661 nescio
1154 2613 1210 2672 qnid

87 2682 184 2727 doctius
203 2682 270 2736 sapit·
280 2686 304 2726 et
320 2681 461 2738 exquisitius
469 2682 497 2735 '’,
517 2683 592 2725 immo
611 2683 687 2741 magis
706 2683 892 2738 Lucretianum,
912 2699 967 2729 nam
986 2685 1121 2739 (utseeeru
1133 2687 1211 2731 silen-

86 2753 126 2797 tia
137 2747 535 2808 11001101,161.)οο111011110111,
555 2751 690 2796 vastitatem
707 2755 782 2797 maris
800 2767 828 2798 ac
848 2753 943 2798 labores
964 2755 1042 2799 nantis
1060 2756 1117 2799 illue
1136 2769 1210 2813 usque

87 2823 137 2867 iter
154 2833 256 2879 pangere
275 2821 341 2864 ausis
360 2821 515 2865 exantlaudes
533 2818 660 2878 significat.
684 2823 778 2883 pelage
802 2837 864 2867 nuuc
887 2825 1000 2878 praetuli.
1061 2821 1104 2871 41.
1124 2823 1210 2884 sentit]

87 2891 144 2937 Cir.
155 2890 211 2935 Lib.
223 2886 253 2945 5,
271 2886 331 2935 597.
350 2887 511 2952 Largijluum
524 2885 625 2949 sontem
643 2897 741 2935 scatere
759 2897 831 2951 utque
857 2905 987 2949 erumpere
1004 2893 1099 2938 lumen.
1133 2895 1211 2939 Poeta

87 2963 151 3018 apud
165 2961 218 3005 Cic.
230 2959 329 3004 Tuscul.
339 2955 363 3012 1,
377 2956 400 3016 §.
411 2957 452 3005 69.
466 2957 556 3004 Fontes
568 2965 682 3015 sectere,
696 2957 782 3004 barbis
793 2966 871 3018 prete
883 2961 1057 3007 convestirier.
1095 2958 1137 3007 45.
1152 2969 1210 3008 tunc

87 3031 168 3077 Codd.
184 3030 285 3086 aliquot.
302 3028 333 3073 L.
345 3029 375 3074 11.
413 3026 456 3074 46.
476 3034 528 3072 tum
545 3027 665 3073 scindunt
682 3031 757 3075 Walu.
776 3027 856 3074 firmat
877 3031 948 3074 etiam
963 3031 994 3076 Ε.
1026 3031 1211 3077 (1001112000-

86 3098 209 3147 scindunt
229 3099 258 3143 C.
279 3098 310 3143 L.
329 3098 360 3142 Η.
383 3098 427 3143 ein.
449 3104 526 3143 tamen
546 3095 576 3153 3,
597 3095 674 3145 1001.
729 3097 771 3145 48.
799 3100 950 3158 spurcities,
977 3101 1119 3160 petulentia
1133 3102 1163 3147 L.
1178 3103 1208 3146 11.

88 3169 133 3218 49.
153 3168 312 3227 desidiaeque
322 3167 352 3212 Α.
366 3167 396 3212 L.
407 3169 438 3213 11.
494 3163 537 3215 54.
562 3167 628 3224 ipsis
654 3167 709 3212 lum
733 3170 882 3214 mortalibus
905 3185 919 3213 e
943 3170 1009 3216 dieis
1034 3172 1110 3217 Codd.
1134 3173 1208 3229 aliq.,

87 3241 163 3287 etiam
176 3239 205 3285 Ε.
222 3239 284 3283 1311.
299 3242 355 3283 vett.
368 3237 414 3282 Ar.
425 3238 468 3282 W.
488 3238 655 3293 („praessrtim
668 3252 740 3296 quum
751 3240 799 3283 iam
817 3240 894 3284 suerit
911 3242 968 3285 dare
986 3242 1130 3286 mortalibus
1149 3241 1210 3287 bene

86 3312 164 3356 multa
189 3310 251 3353 (licta
276 3313 300 3352 01
322 3307 434 3351 divinitus
457 3305 541 3362 dicte,
569 3320 583 3352 s
607 3308 668 3352 divis
688 3309 773 3363 ipsis.”
791 3306 847 3367 W.)
871 3311 904 3354 ita
928 3315 952 3354 et
969 3310 1061 3356 Eichst.
1082 3312 1128 3356 uisi
1147 3312 1210 3370 quod
1284 3347 1289 3354 .

87 3380 201 3436 scripsit:
221 3377 364 3422 mortalibu‘
375 3375 415 3420 de.
436 3376 482 3420 Sed
500 3377 525 3422 11.
540 3377 557 3422 Ι.
571 3375 681 3422 Lambini
702 3379 815 3424 iudicium
834 3379 901 3436 sequi
922 3379 991 3424 debui
1005 3394 1034 3424 ex
1047 3381 1149 3427 lectione
1163 3381 1208 3424 Cd.

86 3451 135 3496 mei
153 3448 183 3497 C.
201 3448 299 3501 luntas,
316 3447 371 3491 utut
388 3445 574 3491 immortalibus
589 3462 602 3492 e
615 3446 679 3492 dieis
695 3449 866 3493 rescribentis:
886 3448 1066 3494 lrnmortnlibu'
1084 3449 1114 3495 de
1132 3448 1208 3494 dieis.

86 3520 156 3580 Ipsis
172 3519 251 3572 enim,
276 3517 369 3574 quoda
386 3517 463 3571 prima
479 3529 531 3573 seq.
548 3531 571 3563 r.
586 3532 644 3563 vocs
661 3518 693 3561 ita
710 3518 790 3563 1110111
811 3519 905 3576 nequit,
937 3524 961 3562 nt
976 3520 1006 3562 ad
1021 3532 1044 3563 v.
1064 3518 1129 3564 divis
1146 3518 1209 3564 refe·

86 3595 172 3644 ratur,
200 3587 364 3632 certissimam
387 3587 447 3629 hanc
471 3587 608 3631 ernendandi
634 3588 681 3630 loci
700 3587 765 3631 iuxta
782 3586 928 3633 Wakefield.
949 3589 1077 3632 lectionem
1095 3601 1210 3644 perquam

87 3658 196 3718 ambigui
213 3658 276 3702 viam
293 3660 422 3699 rnonstrat.
453 3653 476 3699 E
494 3654 559 3700 dieis
576 3661 656 3702 autem
675 3656 704 3700 ab
723 3658 752 3701 iis
771 3663 822 3712 est,
843 3658 882 3714 qui
894 3662 973 3702 metro
985 3659 1055 3701 aliter
1068 3670 1209 3701 succurrere

87 3731 220 3776 nescirent.
263 3724 318 3770 lens
344 3725 493 3770 mortalibus
519 3725 619 3771 fortuita
654 3725 753 3783 denique
784 3729 876 3771 11101111
906 3728 1028 3771 aberratio
1058 3740 1100 3781 per
1131 3725 1209 3770 Codd.

87 3802 235 3857 propagata,
251 3795 324 3841 'sicuti
340 3809 363 3839 v.
380 3792 439 3839 166.
456 3809 500 3851 pro
517 3796 584 3840 enim
597 3796 781 3841 immortalibus
799 3797 840 3840 alii
859 3796 946 3840 habent
964 3796 1030 3839 enim
1045 3795 1209 3855 mortalibus,

85 3883 113 3915 v.
128 3865 206 3915 1001.
222 3864 362 3923 prudentes
375 3864 452 3909 Codd.
466 3878 549 3910 omnes
562 3880 606 3922 pro
620 3864 801 3924 imprudentes.
840 3864 882 3912 56.
902 3866 937 3908 lta
949 3865 1024 3909 Codd.
1042 3867 1116 3909 etiam
1134 3865 1163 3910 C.
1177 3864 1208 3911 E.

85 3939 150 3986 neu.
164 3942 223 3984 1011.
243 3949 310 3980 nunc
325 3932 440 3980 itu-tt.
459 3953 493 3969 -
511 3934 571 3980 dum
589 3936 613 3981 b.
628 3937 645 3980 1.
662 3941 699 3982 001
720 3936 836 3991 ternporis
860 3935 978 3990 particula
1001 3935 1126 3990 absoluta,
1152 3948 1209 3990 pro·

85 4009 139 4068 pris
159 4021 223 4065 „per
236 4008 281 4052 hoc
295 4006 424 4062 temporis,
445 4019 491 4062 quo
511 4005 582 4052 istam
599 4020 652 4054 rem
664 4019 811 4064 persequor,
831 4005 960 4060 spatium.''
978 4004 1024 4049 Ubi
1038 4007 1138 4050 iteratur
1150 4003 1209 4049 dum

86 4081 133 4124 boe
150 4079 263 4124 absolute
282 4077 387 4132 positum
405 4077 524 4137 significat
541 4078 592 4124 iere
612 4077 684 4124 modo
702 4098 712 4112 ·
730 4074 819 4127 rnodo3
838 4081 863 4120 ut
881 4076 904 4118 111
922 4075 971 4118 11110
990 4075 1056 4120 dccii
1074 4077 1136 4131 apud
1155 4074 1207 4120 Cle.
1293 4134 1303 4143 ,

86 4151 117 4194 ‹ls
130 4149 161 4196 11.
174 4150 206 4194 D.
222 4145 252 4202 2,
270 4145 293 4207 1.
307 4144 350 4193 89.
378 4146 494 4193 lindum
512 4148 680 4207 interruptum
698 4145 788 4192 eredes
806 4143 917 4190 nimbum
934 4145 1041 4202 solvier,
1060 4144 1127 4192 Dum
1145 4142 1210 4206 qued

85 4219 195 4266 sublime
213 4218 294 4264 uentis
311 4220 447 4280 expulsum
465 4219 524 4279 rupi
541 4218 655 4276 Scaeam,
672 4222 718 4264 eat.
