<?xml version="1.0" encoding="UTF-8"?>
<!DOCTYPE html PUBLIC "-//W3C//DTD XHTML 1.0 Transitional//EN"
    "http://www.w3.org/TR/xhtml1/DTD/xhtml1-transitional.dtd">
<html xmlns="http://www.w3.org/1999/xhtml" xml:lang="en" lang="en">
 <head>
  <title>
</title>
<meta http-equiv="Content-Type" content="text/html;charset=utf-8" />
  <meta name='ocr-system' content='tesseract 3.04.00' />
  <meta name='ocr-capabilities' content='ocr_page ocr_carea ocr_par ocr_line ocrx_word'/>
</head>
<body>
  <div class='ocr_page' id='page_1' title='image "./eclogaepoetarum00orelgoog_0236.png"; bbox 0 0 2782 4762; ppageno 0'>
   <div class='ocr_carea' id='block_1_1' title="bbox 1161 176 1223 238">
    <p class='ocr_par' dir='ltr' id='par_1_1' title="bbox 1161 176 1223 238">
     <span class='ocr_line' id='line_1_1' title="bbox 1161 176 1223 238; baseline 0.016 -1"><span class='ocrx_word' id='word_1_1' title='bbox 1161 176 1223 238; x_wconf 73' lang='lat'><strong>227</strong></span> 
     </span>
    </p>
   </div>
   <div class='ocr_carea' id='block_1_2' title="bbox 97 337 1224 2337">
    <p class='ocr_par' dir='ltr' id='par_1_2' title="bbox 97 337 1224 2337">
     <span class='ocr_line' id='line_1_2' title="bbox 99 337 1222 395; baseline 0 -11"><span class='ocrx_word' id='word_1_2' title='bbox 99 344 158 384; x_wconf 87' lang='lat' dir='ltr'><strong>nunt</strong></span> <span class='ocrx_word' id='word_1_3' title='bbox 175 340 203 383; x_wconf 82' lang='lat' dir='ltr'><strong>de</strong></span> <span class='ocrx_word' id='word_1_4' title='bbox 230 337 293 382; x_wconf 85' lang='lat' dir='ltr'><strong>bello</strong></span> <span class='ocrx_word' id='word_1_5' title='bbox 314 337 406 382; x_wconf 85' lang='lat' dir='ltr'><strong>Punico</strong></span> <span class='ocrx_word' id='word_1_6' title='bbox 431 339 549 391; x_wconf 87' lang='lat' dir='ltr'><strong>secundo,</strong></span> <span class='ocrx_word' id='word_1_7' title='bbox 579 343 756 395; x_wconf 75' lang='lat' dir='ltr'><strong>provocantque</strong></span> <span class='ocrx_word' id='word_1_8' title='bbox 777 340 805 382; x_wconf 85' lang='lat' dir='ltr'><strong>ad</strong></span> <span class='ocrx_word' id='word_1_9' title='bbox 823 339 938 383; x_wconf 85' lang='lat' dir='ltr'><strong>Porcium</strong></span> <span class='ocrx_word' id='word_1_10' title='bbox 958 338 1078 384; x_wconf 82' lang='lat' dir='ltr'><strong>Licinium</strong></span> <span class='ocrx_word' id='word_1_11' title='bbox 1097 351 1136 394; x_wconf 87' lang='lat' dir='ltr'><strong>ap.</strong></span> <span class='ocrx_word' id='word_1_12' title='bbox 1156 339 1222 384; x_wconf 74' lang='lat' dir='ltr'><strong>Gall.</strong></span> 
     </span>
     <span class='ocr_line' id='line_1_3' title="bbox 101 403 1224 467; baseline 0.001 -16"><span class='ocrx_word' id='word_1_13' title='bbox 101 406 149 463; x_wconf 81' lang='lat' dir='ltr'><strong>ll,</strong></span> <span class='ocrx_word' id='word_1_14' title='bbox 171 405 229 451; x_wconf 60' lang='lat'><strong>21.</strong></span> <span class='ocrx_word' id='word_1_15' title='bbox 258 405 365 450; x_wconf 87' lang='lat' dir='ltr'><strong>Poenico</strong></span> <span class='ocrx_word' id='word_1_16' title='bbox 389 407 452 450; x_wconf 84' lang='lat' dir='ltr'><strong>bello</strong></span> <span class='ocrx_word' id='word_1_17' title='bbox 471 404 582 450; x_wconf 80' lang='lat' dir='ltr'><strong>secundo</strong></span> <span class='ocrx_word' id='word_1_18' title='bbox 602 403 680 451; x_wconf 81' lang='lat' dir='ltr'><strong>illusa</strong></span> <span class='ocrx_word' id='word_1_19' title='bbox 698 408 806 465; x_wconf 84' lang='lat' dir='ltr'><strong>pinnato</strong></span> <span class='ocrx_word' id='word_1_20' title='bbox 823 406 908 467; x_wconf 80' lang='lat' dir='ltr'><strong>gradu</strong></span> <span class='ocrx_word' id='word_1_21' title='bbox 926 407 1014 452; x_wconf 83' lang='lat' dir='ltr'><strong>Intulit</strong></span> <span class='ocrx_word' id='word_1_22' title='bbox 1031 420 1058 452; x_wconf 79' lang='lat' dir='ltr'><strong>cc</strong></span> <span class='ocrx_word' id='word_1_23' title='bbox 1078 407 1224 453; x_wconf 80' lang='lat' dir='ltr'><strong>bellicosam</strong></span> 
     </span>
     <span class='ocr_line' id='line_1_4' title="bbox 99 472 1224 536; baseline 0 -16"><span class='ocrx_word' id='word_1_24' title='bbox 99 479 127 521; x_wconf 85' lang='lat' dir='ltr'><strong>in</strong></span> <span class='ocrx_word' id='word_1_25' title='bbox 143 475 243 522; x_wconf 79' lang='lat' dir='ltr'><strong>Romuli</strong></span> <span class='ocrx_word' id='word_1_26' title='bbox 263 481 362 535; x_wconf 80' lang='lat' dir='ltr'><em>gentem</em></span> <span class='ocrx_word' id='word_1_27' title='bbox 376 472 475 535; x_wconf 82' lang='lat' dir='ltr'><strong>seram.</strong></span> <span class='ocrx_word' id='word_1_28' title='bbox 516 473 557 523; x_wconf 71' lang='lat' dir='ltr'><strong>tt.</strong></span> <span class='ocrx_word' id='word_1_29' title='bbox 578 475 645 519; x_wconf 83' lang='lat' dir='ltr'><strong>scire</strong></span> <span class='ocrx_word' id='word_1_30' title='bbox 664 475 733 520; x_wconf 81' lang='lat' dir='ltr'><strong>deos.</strong></span> <span class='ocrx_word' id='word_1_31' title='bbox 753 477 808 520; x_wconf 78' lang='lat' dir='ltr'><strong>Ald.</strong></span> <span class='ocrx_word' id='word_1_32' title='bbox 828 476 935 531; x_wconf 80' lang='lat' dir='ltr'><strong>Respicit</strong></span> <span class='ocrx_word' id='word_1_33' title='bbox 947 478 982 520; x_wconf 81' lang='lat' dir='ltr'><strong>&#39;al</strong></span> <span class='ocrx_word' id='word_1_34' title='bbox 1000 477 1087 536; x_wconf 79' lang='lat' dir='ltr'><strong>fragm.</strong></span> <span class='ocrx_word' id='word_1_35' title='bbox 1106 479 1224 522; x_wconf 86' lang='lat' dir='ltr'><strong>orationis</strong></span> 
     </span>
     <span class='ocr_line' id='line_1_5' title="bbox 99 541 1224 600; baseline 0 -10"><span class='ocrx_word' id='word_1_36' title='bbox 99 546 245 590; x_wconf 71' lang='lat' dir='ltr'><strong>Catonianae</strong></span> <span class='ocrx_word' id='word_1_37' title='bbox 264 557 308 599; x_wconf 90' lang='lat' dir='ltr'><strong>pro</strong></span> <span class='ocrx_word' id='word_1_38' title='bbox 326 545 502 589; x_wconf 78' lang='lat' dir='ltr'><strong>Rhodiensibus</strong></span> <span class='ocrx_word' id='word_1_39' title='bbox 520 556 559 599; x_wconf 88' lang='lat' dir='ltr'><strong>ap.</strong></span> <span class='ocrx_word' id='word_1_40' title='bbox 583 543 647 588; x_wconf 85' lang='lat' dir='ltr'><strong>Geli.</strong></span> <span class='ocrx_word' id='word_1_41' title='bbox 670 541 701 599; x_wconf 81' lang='grc'><strong>7,</strong></span> <span class='ocrx_word' id='word_1_42' title='bbox 724 541 748 598; x_wconf 88' lang='lat'><strong>3,</strong></span> <span class='ocrx_word' id='word_1_43' title='bbox 770 542 812 589; x_wconf 78' lang='lat'><strong>53.</strong></span> <span class='ocrx_word' id='word_1_44' title='bbox 849 547 942 589; x_wconf 80' lang='lat' dir='ltr'><strong>Versus</strong></span> <span class='ocrx_word' id='word_1_45' title='bbox 959 546 1085 600; x_wconf 84' lang='lat' dir='ltr'><strong>permultis</strong></span> <span class='ocrx_word' id='word_1_46' title='bbox 1104 547 1224 592; x_wconf 87' lang='lat' dir='ltr'><strong>coniectu·</strong></span> 
     </span>
     <span class='ocr_line' id='line_1_6' title="bbox 99 613 1220 671; baseline 0.003 -12"><span class='ocrx_word' id='word_1_47' title='bbox 99 617 134 659; x_wconf 89' lang='lat' dir='ltr'><strong>ris</strong></span> <span class='ocrx_word' id='word_1_48' title='bbox 150 614 296 658; x_wconf 86' lang='lat' dir='ltr'><strong>Criticorum</strong></span> <span class='ocrx_word' id='word_1_49' title='bbox 305 617 422 668; x_wconf 81' lang='lat' dir='ltr'><strong>rexatus,</strong></span> <span class='ocrx_word' id='word_1_50' title='bbox 442 627 542 670; x_wconf 85' lang='lat' dir='ltr'><strong>quarum</strong></span> <span class='ocrx_word' id='word_1_51' title='bbox 552 614 617 656; x_wconf 84' lang='lat' dir='ltr'><strong>nulla</strong></span> <span class='ocrx_word' id='word_1_52' title='bbox 636 613 769 668; x_wconf 87' lang='lat' dir='ltr'><strong>probabilis</strong></span> <span class='ocrx_word' id='word_1_53' title='bbox 787 618 839 671; x_wconf 73' lang='lat' dir='ltr'><strong>cst3</strong></span> <span class='ocrx_word' id='word_1_54' title='bbox 859 615 905 657; x_wconf 92' lang='lat' dir='ltr'><strong>nisi</strong></span> <span class='ocrx_word' id='word_1_55' title='bbox 918 615 1031 658; x_wconf 81' lang='lat' dir='ltr'><strong>conuenit</strong></span> <span class='ocrx_word' id='word_1_56' title='bbox 1040 628 1094 659; x_wconf 84' lang='lat' dir='ltr'><strong>cuin</strong></span> <span class='ocrx_word' id='word_1_57' title='bbox 1104 616 1220 663; x_wconf 80' lang='lat' dir='ltr'><strong>Wcrnsd.</strong></span> 
     </span>
     <span class='ocr_line' id='line_1_7' title="bbox 100 681 1221 744; baseline -0.001 -16"><span class='ocrx_word' id='word_1_58' title='bbox 100 683 242 730; x_wconf 86' lang='lat' dir='ltr'><strong>insolentius</strong></span> <span class='ocrx_word' id='word_1_59' title='bbox 262 684 349 727; x_wconf 81' lang='lat' dir='ltr'><strong>dictum</strong></span> <span class='ocrx_word' id='word_1_60' title='bbox 366 683 469 737; x_wconf 86' lang='lat' dir='ltr'><strong>accipias</strong></span> <span class='ocrx_word' id='word_1_61' title='bbox 488 696 532 737; x_wconf 85' lang='lat' dir='ltr'><strong>pro</strong></span> <span class='ocrx_word' id='word_1_62' title='bbox 550 682 693 735; x_wconf 78' lang='lat' dir='ltr'><strong>concurrit,</strong></span> <span class='ocrx_word' id='word_1_63' title='bbox 714 681 846 744; x_wconf 77' lang='lat' dir='ltr'><strong>confligit,</strong></span> <span class='ocrx_word' id='word_1_64' title='bbox 877 683 910 726; x_wconf 85' lang='lat' dir='ltr'><strong>ita</strong></span> <span class='ocrx_word' id='word_1_65' title='bbox 930 687 955 726; x_wconf 93' lang='lat' dir='ltr'><strong>ut</strong></span> <span class='ocrx_word' id='word_1_66' title='bbox 969 682 1044 727; x_wconf 85' lang='lat' dir='ltr'><strong>turba</strong></span> <span class='ocrx_word' id='word_1_67' title='bbox 1060 683 1149 744; x_wconf 75' lang='lat' dir='ltr'><strong>rigens</strong></span> <span class='ocrx_word' id='word_1_68' title='bbox 1174 683 1221 735; x_wconf 82' lang='lat' dir='ltr'><strong>(ta-</strong></span> 
     </span>
     <span class='ocr_line' id='line_1_8' title="bbox 99 747 1222 814; baseline 0.001 -18"><span class='ocrx_word' id='word_1_69' title='bbox 99 766 164 814; x_wconf 82' lang='lat' dir='ltr'><strong>gsns</strong></span> <span class='ocrx_word' id='word_1_70' title='bbox 187 749 256 808; x_wconf 78' lang='lat' dir='ltr'><strong>All.)</strong></span> <span class='ocrx_word' id='word_1_71' title='bbox 281 751 329 795; x_wconf 89' lang='lat' dir='ltr'><strong>sint</strong></span> <span class='ocrx_word' id='word_1_72' title='bbox 352 764 418 806; x_wconf 83' lang='lat' dir='ltr'><strong>apes.</strong></span> <span class='ocrx_word' id='word_1_73' title='bbox 455 751 533 795; x_wconf 83' lang='lat' dir='ltr'><strong>Aedes</strong></span> <span class='ocrx_word' id='word_1_74' title='bbox 561 751 659 794; x_wconf 90' lang='lat' dir='ltr'><strong>lunonis</strong></span> <span class='ocrx_word' id='word_1_75' title='bbox 677 748 793 794; x_wconf 79' lang='lat' dir='ltr'><strong>Monetae</strong></span> <span class='ocrx_word' id='word_1_76' title='bbox 812 765 835 795; x_wconf 93' lang='lat' dir='ltr'><strong>a.</strong></span> <span class='ocrx_word' id='word_1_77' title='bbox 856 765 880 795; x_wconf 90' lang='grc' dir='ltr'><strong>ιι.</strong></span> <span class='ocrx_word' id='word_1_78' title='bbox 900 765 922 794; x_wconf 87' lang='lat' dir='ltr'><strong>c.</strong></span> <span class='ocrx_word' id='word_1_79' title='bbox 943 747 1001 797; x_wconf 78' lang='lat' dir='ltr'><strong>lot.</strong></span> <span class='ocrx_word' id='word_1_80' title='bbox 1031 757 1085 795; x_wconf 83' lang='lat' dir='ltr'><strong>vota</strong></span> <span class='ocrx_word' id='word_1_81' title='bbox 1104 758 1142 796; x_wconf 87' lang='lat' dir='ltr'><strong>est</strong></span> <span class='ocrx_word' id='word_1_82' title='bbox 1158 761 1172 798; x_wconf 74' lang='lat' dir='ltr'><strong>a</strong></span> <span class='ocrx_word' id='word_1_83' title='bbox 1191 752 1222 797; x_wconf 72' lang='lat' dir='ltr'><strong>Ia.</strong></span> 
     </span>
     <span class='ocr_line' id='line_1_9' title="bbox 99 817 1224 875; baseline -0.002 -9"><span class='ocrx_word' id='word_1_84' title='bbox 99 823 174 867; x_wconf 79' lang='lat' dir='ltr'><strong>Furio</strong></span> <span class='ocrx_word' id='word_1_85' title='bbox 202 819 304 864; x_wconf 82' lang='lat' dir='ltr'><strong>Camillo</strong></span> <span class='ocrx_word' id='word_1_86' title='bbox 328 834 356 864; x_wconf 91' lang='lat' dir='ltr'><strong>ac</strong></span> <span class='ocrx_word' id='word_1_87' title='bbox 379 820 456 875; x_wconf 82' lang='lat' dir='ltr'><strong>posita</strong></span> <span class='ocrx_word' id='word_1_88' title='bbox 475 821 499 863; x_wconf 92' lang='lat' dir='ltr'><strong>in</strong></span> <span class='ocrx_word' id='word_1_89' title='bbox 521 833 578 863; x_wconf 79' lang='lat' dir='ltr'><strong>acea</strong></span> <span class='ocrx_word' id='word_1_90' title='bbox 598 821 683 863; x_wconf 84' lang='lat' dir='ltr'><strong>doinus</strong></span> <span class='ocrx_word' id='word_1_91' title='bbox 704 821 740 863; x_wconf 87' lang='grc' dir='ltr'>Μ.</span> <span class='ocrx_word' id='word_1_92' title='bbox 761 820 847 863; x_wconf 86' lang='lat' dir='ltr'><strong>Manlii</strong></span> <span class='ocrx_word' id='word_1_93' title='bbox 865 818 1005 875; x_wconf 76' lang='lat' dir='ltr'><strong>Capitolini.</strong></span> <span class='ocrx_word' id='word_1_94' title='bbox 1055 817 1097 865; x_wconf 80' lang='lat'><strong>55.</strong></span> <span class='ocrx_word' id='word_1_95' title='bbox 1117 819 1163 864; x_wconf 80' lang='lat' dir='ltr'><strong>Ast</strong></span> <span class='ocrx_word' id='word_1_96' title='bbox 1180 821 1224 864; x_wconf 80' lang='lat' dir='ltr'><strong>ubi</strong></span> 
     </span>
     <span class='ocr_line' id='line_1_10' title="bbox 97 885 1221 948; baseline -0.003 -13"><span class='ocrx_word' id='word_1_97' title='bbox 97 905 154 948; x_wconf 78' lang='lat' dir='ltr'><strong>pax</strong></span> <span class='ocrx_word' id='word_1_98' title='bbox 168 890 234 934; x_wconf 85' lang='lat' dir='ltr'><strong>Pitb.</strong></span> <span class='ocrx_word' id='word_1_99' title='bbox 260 890 381 935; x_wconf 84' lang='lat' dir='ltr'><strong>Schwarz.</strong></span> <span class='ocrx_word' id='word_1_100' title='bbox 403 911 435 922; x_wconf 89' lang='lat'><em>-</em></span> <span class='ocrx_word' id='word_1_101' title='bbox 453 885 500 932; x_wconf 79' lang='lat' dir='ltr'><strong>Aet</strong></span> <span class='ocrx_word' id='word_1_102' title='bbox 517 887 560 932; x_wconf 82' lang='lat' dir='ltr'><strong>ubi</strong></span> <span class='ocrx_word' id='word_1_103' title='bbox 572 901 630 946; x_wconf 75' lang='lat' dir='ltr'><strong>pax</strong></span> <span class='ocrx_word' id='word_1_104' title='bbox 648 902 671 932; x_wconf 83' lang='lat' dir='ltr'><strong>s.</strong></span> <span class='ocrx_word' id='word_1_105' title='bbox 691 901 714 932; x_wconf 82' lang='lat' dir='ltr'><strong>r.</strong></span> <span class='ocrx_word' id='word_1_106' title='bbox 735 902 758 932; x_wconf 91' lang='lat' dir='ltr'><strong>o.</strong></span> <span class='ocrx_word' id='word_1_107' title='bbox 776 887 892 932; x_wconf 85' lang='lat' dir='ltr'><strong>laborum</strong></span> <span class='ocrx_word' id='word_1_108' title='bbox 909 888 987 932; x_wconf 82' lang='lat' dir='ltr'><strong>Bouh.</strong></span> <span class='ocrx_word' id='word_1_109' title='bbox 1030 887 1073 934; x_wconf 78' lang='grc'>56.</span> <span class='ocrx_word' id='word_1_110' title='bbox 1087 885 1221 947; x_wconf 79' lang='lat' dir='ltr'><strong>fraterque</strong></span> 
     </span>
     <span class='ocr_line' id='line_1_11' title="bbox 99 957 1220 1017; baseline -0.004 -13"><span class='ocrx_word' id='word_1_111' title='bbox 99 962 155 1004; x_wconf 80' lang='lat' dir='ltr'><strong>Ait.</strong></span> <span class='ocrx_word' id='word_1_112' title='bbox 175 982 206 992; x_wconf 55' lang='grc' dir='ltr'><strong>ι·</strong></span> <span class='ocrx_word' id='word_1_113' title='bbox 227 963 354 1017; x_wconf 77' lang='lat' dir='ltr'><strong>materque</strong></span> <span class='ocrx_word' id='word_1_114' title='bbox 372 957 437 1001; x_wconf 90' lang='lat' dir='ltr'><strong>Pitb.</strong></span> <span class='ocrx_word' id='word_1_115' title='bbox 458 958 535 1001; x_wconf 88' lang='lat' dir='ltr'><strong>Scbw.</strong></span> <span class='ocrx_word' id='word_1_116' title='bbox 556 958 640 1000; x_wconf 84' lang='lat' dir='ltr'><strong>Burin.</strong></span> <span class='ocrx_word' id='word_1_117' title='bbox 668 958 784 1002; x_wconf 82' lang='lat' dir='ltr'><strong>Wcrusd.</strong></span> <span class='ocrx_word' id='word_1_118' title='bbox 813 958 921 1001; x_wconf 83' lang='lat' dir='ltr'><strong>Praetuli</strong></span> <span class='ocrx_word' id='word_1_119' title='bbox 949 957 1026 1001; x_wconf 85' lang='lat' dir='ltr'><strong>Boxb.</strong></span> <span class='ocrx_word' id='word_1_120' title='bbox 1058 959 1145 1002; x_wconf 71' lang='lat' dir='ltr'><strong>coni:</strong></span> <span class='ocrx_word' id='word_1_121' title='bbox 1171 971 1220 1014; x_wconf 82' lang='lat' dir='ltr'><strong>pa·</strong></span> 
     </span>
     <span class='ocr_line' id='line_1_12' title="bbox 100 1026 1221 1087; baseline -0.004 -13"><span class='ocrx_word' id='word_1_122' title='bbox 100 1036 214 1087; x_wconf 80' lang='lat' dir='ltr'><strong>tresque,</strong></span> <span class='ocrx_word' id='word_1_123' title='bbox 240 1041 309 1078; x_wconf 82' lang='lat' dir='ltr'><strong>narn,</strong></span> <span class='ocrx_word' id='word_1_124' title='bbox 331 1033 355 1070; x_wconf 89' lang='lat' dir='ltr'><strong>ut</strong></span> <span class='ocrx_word' id='word_1_125' title='bbox 373 1032 450 1070; x_wconf 83' lang='lat' dir='ltr'><strong>mater</strong></span> <span class='ocrx_word' id='word_1_126' title='bbox 472 1027 499 1070; x_wconf 82' lang='lat' dir='ltr'><strong>de</strong></span> <span class='ocrx_word' id='word_1_127' title='bbox 518 1039 575 1084; x_wconf 81' lang='lat' dir='ltr'><strong>rege</strong></span> <span class='ocrx_word' id='word_1_128' title='bbox 592 1039 663 1080; x_wconf 82' lang='lat' dir='ltr'><strong>apum</strong></span> <span class='ocrx_word' id='word_1_129' title='bbox 686 1027 732 1070; x_wconf 91' lang='lat' dir='ltr'><strong>dici</strong></span> <span class='ocrx_word' id='word_1_130' title='bbox 755 1027 931 1083; x_wconf 82' lang='lat' dir='ltr'><strong>queat,.-valde</strong></span> <span class='ocrx_word' id='word_1_131' title='bbox 952 1038 1049 1070; x_wconf 84' lang='lat' dir='ltr'><strong>vercor.</strong></span> <span class='ocrx_word' id='word_1_132' title='bbox 1086 1026 1153 1081; x_wconf 76' lang='lat' dir='ltr'><strong>Apud</strong></span> <span class='ocrx_word' id='word_1_133' title='bbox 1169 1026 1221 1069; x_wconf 87' lang='lat' dir='ltr'><strong>Pli-</strong></span> 
     </span>
     <span class='ocr_line' id='line_1_13' title="bbox 100 1093 1219 1151; baseline -0.004 -9"><span class='ocrx_word' id='word_1_134' title='bbox 100 1100 166 1142; x_wconf 91' lang='lat' dir='ltr'><strong>nium</strong></span> <span class='ocrx_word' id='word_1_135' title='bbox 187 1095 251 1141; x_wconf 77' lang='lat' dir='ltr'><strong>enirn</strong></span> <span class='ocrx_word' id='word_1_136' title='bbox 278 1093 327 1150; x_wconf 86' lang='lat'><strong>11,</strong></span> <span class='ocrx_word' id='word_1_137' title='bbox 359 1093 402 1139; x_wconf 70' lang='lat'><strong>24.</strong></span> <span class='ocrx_word' id='word_1_138' title='bbox 427 1107 487 1151; x_wconf 83' lang='lat' dir='ltr'><strong>quae</strong></span> <span class='ocrx_word' id='word_1_139' title='bbox 508 1094 663 1138; x_wconf 78' lang='lat' dir='ltr'><strong>crabronum</strong></span> <span class='ocrx_word' id='word_1_140' title='bbox 680 1100 776 1139; x_wconf 83' lang='lat' dir='ltr'><strong>matres</strong></span> <span class='ocrx_word' id='word_1_141' title='bbox 803 1099 954 1150; x_wconf 87' lang='lat' dir='ltr'><strong>opponuntur</strong></span> <span class='ocrx_word' id='word_1_142' title='bbox 975 1093 1118 1149; x_wconf 85' lang='lat' dir='ltr'><strong>opificibus,</strong></span> <span class='ocrx_word' id='word_1_143' title='bbox 1149 1094 1219 1139; x_wconf 89' lang='lat' dir='ltr'><strong>nobis</strong></span> 
     </span>
     <span class='ocr_line' id='line_1_14' title="bbox 100 1160 1219 1220; baseline -0.003 -9"><span class='ocrx_word' id='word_1_144' title='bbox 100 1172 155 1211; x_wconf 90' lang='lat' dir='ltr'><strong>sunt</strong></span> <span class='ocrx_word' id='word_1_145' title='bbox 183 1164 224 1208; x_wconf 81' lang='lat' dir='ltr'><strong>die</strong></span> <span class='ocrx_word' id='word_1_146' title='bbox 253 1162 384 1208; x_wconf 80' lang='lat' dir='ltr'><strong>Drolinen.</strong></span> <span class='ocrx_word' id='word_1_147' title='bbox 406 1160 496 1220; x_wconf 82' lang='lat' dir='ltr'><strong>frater</strong></span> <span class='ocrx_word' id='word_1_148' title='bbox 522 1163 552 1206; x_wconf 85' lang='lat' dir='ltr'><strong>ab</strong></span> <span class='ocrx_word' id='word_1_149' title='bbox 579 1164 609 1206; x_wconf 90' lang='lat' dir='ltr'><strong>iis</strong></span> <span class='ocrx_word' id='word_1_150' title='bbox 631 1168 680 1218; x_wconf 88' lang='lat' dir='ltr'><strong>est,</strong></span> <span class='ocrx_word' id='word_1_151' title='bbox 709 1165 749 1220; x_wconf 87' lang='lat' dir='ltr'><strong>qui</strong></span> <span class='ocrx_word' id='word_1_152' title='bbox 766 1166 870 1218; x_wconf 82' lang='lat' dir='ltr'><strong>primam</strong></span> <span class='ocrx_word' id='word_1_153' title='bbox 891 1177 913 1207; x_wconf 82' lang='lat' dir='ltr'><strong>v.</strong></span> <span class='ocrx_word' id='word_1_154' title='bbox 935 1169 1022 1218; x_wconf 76' lang='lat' dir='ltr'><strong>patroc</strong></span> <span class='ocrx_word' id='word_1_155' title='bbox 1043 1164 1131 1207; x_wconf 89' lang='lat' dir='ltr'><strong>alicubi</strong></span> <span class='ocrx_word' id='word_1_156' title='bbox 1152 1176 1175 1206; x_wconf 84' lang='lat' dir='ltr'><strong>v.</strong></span> <span class='ocrx_word' id='word_1_157' title='bbox 1197 1177 1219 1208; x_wconf 92' lang='lat' dir='ltr'><strong>c.</strong></span> 
     </span>
     <span class='ocr_line' id='line_1_15' title="bbox 100 1230 1224 1290; baseline -0.003 -12"><span class='ocrx_word' id='word_1_158' title='bbox 100 1236 171 1282; x_wconf 79' lang='lat' dir='ltr'><strong>Ouid.</strong></span> <span class='ocrx_word' id='word_1_159' title='bbox 191 1233 252 1280; x_wconf 80' lang='lat' dir='ltr'><strong>Met.</strong></span> <span class='ocrx_word' id='word_1_160' title='bbox 273 1230 302 1285; x_wconf 82' lang='lat' dir='ltr'><strong>l,</strong></span> <span class='ocrx_word' id='word_1_161' title='bbox 325 1230 383 1276; x_wconf 88' lang='grc'>160.</span> <span class='ocrx_word' id='word_1_162' title='bbox 403 1233 502 1286; x_wconf 79' lang='lat' dir='ltr'><strong>produci</strong></span> <span class='ocrx_word' id='word_1_163' title='bbox 520 1232 670 1290; x_wconf 78' lang='lat' dir='ltr'><strong>ignorarent.</strong></span> <span class='ocrx_word' id='word_1_164' title='bbox 708 1230 750 1277; x_wconf 84' lang='lat'><strong>58.</strong></span> <span class='ocrx_word' id='word_1_165' title='bbox 772 1231 840 1276; x_wconf 79' lang='lat' dir='ltr'><strong>Haec</strong></span> <span class='ocrx_word' id='word_1_166' title='bbox 854 1233 908 1276; x_wconf 77' lang='grc' dir='ltr'>ΑΜ.</span> <span class='ocrx_word' id='word_1_167' title='bbox 921 1231 1013 1276; x_wconf 85' lang='lat' dir='ltr'><strong>Eadem</strong></span> <span class='ocrx_word' id='word_1_168' title='bbox 1032 1233 1156 1290; x_wconf 84' lang='lat' dir='ltr'><strong>distinguit</strong></span> <span class='ocrx_word' id='word_1_169' title='bbox 1168 1237 1224 1286; x_wconf 91' lang='lat' dir='ltr'><strong>post</strong></span> 
     </span>
     <span class='ocr_line' id='line_1_16' title="bbox 99 1298 1222 1362; baseline -0.005 -13"><span class='ocrx_word' id='word_1_170' title='bbox 99 1305 202 1362; x_wconf 84' lang='lat' dir='ltr'><strong>optima.</strong></span> <span class='ocrx_word' id='word_1_171' title='bbox 260 1298 301 1346; x_wconf 87' lang='grc'>60.</span> <span class='ocrx_word' id='word_1_172' title='bbox 330 1301 405 1344; x_wconf 79' lang='lat' dir='ltr'><strong>Malui</strong></span> <span class='ocrx_word' id='word_1_173' title='bbox 426 1301 537 1344; x_wconf 78' lang='lat' dir='ltr'><strong>Aldinam</strong></span> <span class='ocrx_word' id='word_1_174' title='bbox 562 1302 688 1345; x_wconf 86' lang='lat' dir='ltr'><strong>lectionem</strong></span> <span class='ocrx_word' id='word_1_175' title='bbox 710 1315 763 1345; x_wconf 91' lang='lat' dir='ltr'><strong>cum</strong></span> <span class='ocrx_word' id='word_1_176' title='bbox 785 1304 870 1345; x_wconf 90' lang='lat' dir='ltr'><strong>lacuna</strong></span> <span class='ocrx_word' id='word_1_177' title='bbox 888 1301 965 1344; x_wconf 84' lang='lat' dir='ltr'><strong>denuo</strong></span> <span class='ocrx_word' id='word_1_178' title='bbox 985 1300 1117 1354; x_wconf 76' lang='lat' dir='ltr'><strong>exhibere,</strong></span> <span class='ocrx_word' id='word_1_179' title='bbox 1149 1314 1222 1356; x_wconf 86' lang='lat' dir='ltr'><strong>quam</strong></span> 
     </span>
     <span class='ocr_line' id='line_1_17' title="bbox 100 1367 1222 1432; baseline -0.005 -15"><span class='ocrx_word' id='word_1_180' title='bbox 100 1373 166 1430; x_wconf 84' lang='lat' dir='ltr'><strong>sequi</strong></span> <span class='ocrx_word' id='word_1_181' title='bbox 185 1372 311 1415; x_wconf 81' lang='lat' dir='ltr'><strong>Pithoeuin</strong></span> <span class='ocrx_word' id='word_1_182' title='bbox 327 1384 355 1414; x_wconf 89' lang='lat' dir='ltr'><strong>ac</strong></span> <span class='ocrx_word' id='word_1_183' title='bbox 375 1370 482 1426; x_wconf 82' lang='lat' dir='ltr'><strong>reliquos</strong></span> <span class='ocrx_word' id='word_1_184' title='bbox 497 1369 651 1423; x_wconf 68' lang='lat' dir='ltr'><strong>scribentes,</strong></span> <span class='ocrx_word' id='word_1_185' title='bbox 669 1383 719 1413; x_wconf 86' lang='lat' dir='ltr'><strong>uon</strong></span> <span class='ocrx_word' id='word_1_186' title='bbox 735 1382 796 1432; x_wconf 64' lang='lat' dir='ltr'><strong>uero</strong></span> <span class='ocrx_word' id='word_1_187' title='bbox 819 1369 964 1424; x_wconf 78' lang='lat' dir='ltr'><strong>explicantes</strong></span> <span class='ocrx_word' id='word_1_188' title='bbox 982 1369 1020 1412; x_wconf 87' lang='lat' dir='ltr'><strong>uti</strong></span> <span class='ocrx_word' id='word_1_189' title='bbox 1032 1367 1155 1428; x_wconf 79' lang='lat' dir='ltr'><strong>quondam</strong></span> <span class='ocrx_word' id='word_1_190' title='bbox 1169 1368 1222 1428; x_wconf 74' lang='lat' dir='ltr'><strong>Ly.</strong></span> 
     </span>
     <span class='ocr_line' id='line_1_18' title="bbox 99 1436 1221 1497; baseline -0.004 -11"><span class='ocrx_word' id='word_1_191' title='bbox 99 1441 147 1487; x_wconf 84' lang='lat' dir='ltr'><strong>duc</strong></span> <span class='ocrx_word' id='word_1_192' title='bbox 176 1439 235 1484; x_wconf 83' lang='lat' dir='ltr'><strong>dum</strong></span> <span class='ocrx_word' id='word_1_193' title='bbox 264 1439 377 1497; x_wconf 79' lang='lat' dir='ltr'><strong>Smyrna</strong></span> <span class='ocrx_word' id='word_1_194' title='bbox 405 1439 516 1494; x_wconf 79' lang='lat' dir='ltr'><strong>peribat.</strong></span> <span class='ocrx_word' id='word_1_195' title='bbox 553 1436 720 1497; x_wconf 79' lang='lat' dir='ltr'><strong>(„Signiiicari</strong></span> <span class='ocrx_word' id='word_1_196' title='bbox 747 1439 841 1483; x_wconf 81' lang='lat' dir='ltr'><strong>videtur</strong></span> <span class='ocrx_word' id='word_1_197' title='bbox 867 1451 907 1482; x_wconf 84' lang='lat' dir='ltr'><strong>res</strong></span> <span class='ocrx_word' id='word_1_198' title='bbox 935 1438 1018 1497; x_wconf 82' lang='lat' dir='ltr'><strong>ignota</strong></span> <span class='ocrx_word' id='word_1_199' title='bbox 1043 1451 1120 1492; x_wconf 81' lang='lat' dir='ltr'><strong>nuuic,</strong></span> <span class='ocrx_word' id='word_1_200' title='bbox 1152 1438 1221 1482; x_wconf 88' lang='lat' dir='ltr'><strong>cuius</strong></span> 
     </span>
     <span class='ocr_line' id='line_1_19' title="bbox 99 1504 1219 1565; baseline -0.005 -11"><span class='ocrx_word' id='word_1_201' title='bbox 99 1517 177 1554; x_wconf 84' lang='lat' dir='ltr'><strong>tamen</strong></span> <span class='ocrx_word' id='word_1_202' title='bbox 195 1509 249 1552; x_wconf 86' lang='lat' dir='ltr'><strong>fons</strong></span> <span class='ocrx_word' id='word_1_203' title='bbox 271 1508 317 1551; x_wconf 87' lang='lat' dir='ltr'><strong>erit</strong></span> <span class='ocrx_word' id='word_1_204' title='bbox 335 1509 396 1561; x_wconf 81' lang='lat' dir='ltr'><strong>apud</strong></span> <span class='ocrx_word' id='word_1_205' title='bbox 414 1508 530 1552; x_wconf 82' lang='lat' dir='ltr'><strong>Herodot.</strong></span> <span class='ocrx_word' id='word_1_206' title='bbox 549 1505 573 1560; x_wconf 87' lang='lat'><strong>1,</strong></span> <span class='ocrx_word' id='word_1_207' title='bbox 599 1504 640 1551; x_wconf 91' lang='lat'><strong>16.</strong></span> <span class='ocrx_word' id='word_1_208' title='bbox 677 1508 737 1552; x_wconf 81' lang='lat' dir='ltr'><strong>viae</strong></span> <span class='ocrx_word' id='word_1_209' title='bbox 758 1510 848 1560; x_wconf 85' lang='lat' dir='ltr'><strong>etiam,</strong></span> <span class='ocrx_word' id='word_1_210' title='bbox 880 1521 939 1563; x_wconf 85' lang='lat' dir='ltr'><strong>quae</strong></span> <span class='ocrx_word' id='word_1_211' title='bbox 957 1505 1070 1550; x_wconf 79' lang='lat' dir='ltr'><strong>iuPob‘t.</strong></span> <span class='ocrx_word' id='word_1_212' title='bbox 1091 1506 1219 1565; x_wconf 58' lang='lat' dir='ltr'><strong>(hafflig.</strong></span> 
     </span>
     <span class='ocr_line' id='line_1_20' title="bbox 99 1575 1219 1635; baseline -0.003 -13"><span class='ocrx_word' id='word_1_213' title='bbox 99 1583 123 1635; x_wconf 87' lang='lat' dir='ltr'><strong>p.</strong></span> <span class='ocrx_word' id='word_1_214' title='bbox 150 1575 209 1622; x_wconf 74' lang='lat'><strong>415.</strong></span> <span class='ocrx_word' id='word_1_215' title='bbox 239 1590 306 1633; x_wconf 83' lang='lat' dir='ltr'><strong>seqq.</strong></span> <span class='ocrx_word' id='word_1_216' title='bbox 338 1578 362 1620; x_wconf 92' lang='lat' dir='ltr'><strong>in</strong></span> <span class='ocrx_word' id='word_1_217' title='bbox 387 1581 444 1619; x_wconf 88' lang='lat' dir='ltr'><strong>nota</strong></span> <span class='ocrx_word' id='word_1_218' title='bbox 470 1576 596 1631; x_wconf 81' lang='lat' dir='ltr'><strong>exposui.&#39;’</strong></span> <span class='ocrx_word' id='word_1_219' title='bbox 628 1575 775 1633; x_wconf 81' lang='lat' dir='ltr'><strong>Weberus.)</strong></span> <span class='ocrx_word' id='word_1_220' title='bbox 834 1575 1028 1631; x_wconf 61' lang='lat' dir='ltr'><strong>Siccinscq.</strong></span> <span class='ocrx_word' id='word_1_221' title='bbox 1048 1576 1129 1630; x_wconf 83' lang='lat' dir='ltr'><strong>utpote</strong></span> <span class='ocrx_word' id='word_1_222' title='bbox 1149 1575 1173 1617; x_wconf 92' lang='lat' dir='ltr'><strong>iu</strong></span> <span class='ocrx_word' id='word_1_223' title='bbox 1192 1588 1219 1619; x_wconf 83' lang='lat' dir='ltr'><strong>rc</strong></span> 
     </span>
     <span class='ocr_line' id='line_1_21' title="bbox 100 1639 1219 1704; baseline -0.003 -14"><span class='ocrx_word' id='word_1_224' title='bbox 100 1660 200 1704; x_wconf 86' lang='lat' dir='ltr'><strong>prorsus</strong></span> <span class='ocrx_word' id='word_1_225' title='bbox 219 1647 309 1690; x_wconf 80' lang='lat' dir='ltr'><strong>incerta</strong></span> <span class='ocrx_word' id='word_1_226' title='bbox 327 1659 380 1690; x_wconf 88' lang='lat' dir='ltr'><strong>cum</strong></span> <span class='ocrx_word' id='word_1_227' title='bbox 395 1644 456 1689; x_wconf 77' lang='lat' dir='ltr'><strong>Alto</strong></span> <span class='ocrx_word' id='word_1_228' title='bbox 475 1646 543 1689; x_wconf 83' lang='lat' dir='ltr'><strong>dedi:</strong></span> <span class='ocrx_word' id='word_1_229' title='bbox 563 1645 635 1698; x_wconf 79' lang='lat' dir='ltr'><strong>uelit,</strong></span> <span class='ocrx_word' id='word_1_230' title='bbox 656 1646 717 1689; x_wconf 81' lang='lat' dir='ltr'><strong>velis</strong></span> <span class='ocrx_word' id='word_1_231' title='bbox 732 1646 816 1690; x_wconf 77' lang='lat' dir='ltr'><strong>But-m.</strong></span> <span class='ocrx_word' id='word_1_232' title='bbox 835 1642 1018 1700; x_wconf 80' lang='lat' dir='ltr'><strong>oelintreliqui.</strong></span> <span class='ocrx_word' id='word_1_233' title='bbox 1057 1641 1098 1688; x_wconf 84' lang='grc'>62.</span> <span class='ocrx_word' id='word_1_234' title='bbox 1119 1639 1219 1697; x_wconf 77' lang='lat' dir='ltr'><strong>Caleno,</strong></span> 
     </span>
     <span class='ocr_line' id='line_1_22' title="bbox 100 1710 1222 1768; baseline -0.004 -8"><span class='ocrx_word' id='word_1_235' title='bbox 100 1731 147 1761; x_wconf 90' lang='lat' dir='ltr'><strong>uon</strong></span> <span class='ocrx_word' id='word_1_236' title='bbox 174 1711 279 1759; x_wconf 84' lang='lat' dir='ltr'><strong>Galcnoc</strong></span> <span class='ocrx_word' id='word_1_237' title='bbox 304 1715 375 1759; x_wconf 82' lang='lat' dir='ltr'><strong>babet</strong></span> <span class='ocrx_word' id='word_1_238' title='bbox 401 1714 456 1758; x_wconf 75' lang='lat' dir='ltr'><strong>All.</strong></span> <span class='ocrx_word' id='word_1_239' title='bbox 503 1710 548 1758; x_wconf 82' lang='grc'>63.</span> <span class='ocrx_word' id='word_1_240' title='bbox 577 1713 667 1758; x_wconf 88' lang='lat' dir='ltr'><strong>Nostra</strong></span> <span class='ocrx_word' id='word_1_241' title='bbox 685 1715 713 1758; x_wconf 85' lang='lat' dir='ltr'><strong>de</strong></span> <span class='ocrx_word' id='word_1_242' title='bbox 734 1714 798 1759; x_wconf 90' lang='lat' dir='ltr'><strong>coni.</strong></span> <span class='ocrx_word' id='word_1_243' title='bbox 818 1715 959 1768; x_wconf 83' lang='lat' dir='ltr'><strong>scripsimus</strong></span> <span class='ocrx_word' id='word_1_244' title='bbox 977 1717 1055 1756; x_wconf 81' lang='lat' dir='ltr'><strong>tuere.</strong></span> <span class='ocrx_word' id='word_1_245' title='bbox 1093 1713 1176 1766; x_wconf 84' lang='lat' dir='ltr'><strong>„Fac,</strong></span> <span class='ocrx_word' id='word_1_246' title='bbox 1196 1717 1222 1755; x_wconf 87' lang='lat' dir='ltr'><strong>ut</strong></span> 
     </span>
     <span class='ocr_line' id='line_1_23' title="bbox 100 1775 1221 1842; baseline -0.005 -12"><span class='ocrx_word' id='word_1_247' title='bbox 100 1789 166 1830; x_wconf 88' lang='lat' dir='ltr'><strong>certe</strong></span> <span class='ocrx_word' id='word_1_248' title='bbox 183 1784 301 1838; x_wconf 80' lang='lat' dir='ltr'><strong>Galenus,</strong></span> <span class='ocrx_word' id='word_1_249' title='bbox 322 1784 475 1828; x_wconf 86' lang='lat' dir='ltr'><strong>dulcissimus</strong></span> <span class='ocrx_word' id='word_1_250' title='bbox 491 1783 592 1842; x_wconf 80' lang='lat' dir='ltr'><strong>coniux,</strong></span> <span class='ocrx_word' id='word_1_251' title='bbox 611 1787 662 1825; x_wconf 92' lang='lat' dir='ltr'><strong>tuto</strong></span> <span class='ocrx_word' id='word_1_252' title='bbox 681 1783 768 1840; x_wconf 80' lang='lat' dir='ltr'><strong>degere</strong></span> <span class='ocrx_word' id='word_1_253' title='bbox 781 1775 858 1836; x_wconf 73' lang='lat' dir='ltr'><strong>possit</strong></span> <span class='ocrx_word' id='word_1_254' title='bbox 878 1783 916 1826; x_wconf 79' lang='lat' dir='ltr'><strong>vel</strong></span> <span class='ocrx_word' id='word_1_255' title='bbox 934 1779 1026 1824; x_wconf 86' lang='lat' dir='ltr'><strong>Romae</strong></span> <span class='ocrx_word' id='word_1_256' title='bbox 1047 1781 1084 1825; x_wconf 81' lang='lat' dir='ltr'><strong>vel</strong></span> <span class='ocrx_word' id='word_1_257' title='bbox 1106 1782 1129 1825; x_wconf 92' lang='lat' dir='ltr'><strong>in</strong></span> <span class='ocrx_word' id='word_1_258' title='bbox 1152 1793 1221 1835; x_wconf 86' lang='lat' dir='ltr'><strong>prac-</strong></span> 
     </span>
     <span class='ocr_line' id='line_1_24' title="bbox 100 1849 1220 1908; baseline -0.005 -10"><span class='ocrx_word' id='word_1_259' title='bbox 100 1856 140 1898; x_wconf 79' lang='lat' dir='ltr'><strong>ilio</strong></span> <span class='ocrx_word' id='word_1_260' title='bbox 163 1853 279 1897; x_wconf 85' lang='lat' dir='ltr'><strong>Sabino.’&#39;</strong></span> <span class='ocrx_word' id='word_1_261' title='bbox 308 1859 390 1897; x_wconf 79' lang='lat' dir='ltr'><strong>asarta</strong></span> <span class='ocrx_word' id='word_1_262' title='bbox 407 1854 461 1897; x_wconf 74' lang='lat' dir='ltr'><strong>ald.</strong></span> <span class='ocrx_word' id='word_1_263' title='bbox 484 1873 513 1882; x_wconf 96' lang='lat'><em>-</em></span> <span class='ocrx_word' id='word_1_264' title='bbox 533 1849 633 1895; x_wconf 81' lang='lat' dir='ltr'><strong>aduerte</strong></span> <span class='ocrx_word' id='word_1_265' title='bbox 652 1852 733 1896; x_wconf 85' lang='lat' dir='ltr'><strong>Vinet.</strong></span> <span class='ocrx_word' id='word_1_266' title='bbox 755 1851 825 1906; x_wconf 82' lang='lat' dir='ltr'><strong>prob.</strong></span> <span class='ocrx_word' id='word_1_267' title='bbox 844 1851 959 1895; x_wconf 86' lang='lat' dir='ltr'><strong>Wernsd.</strong></span> <span class='ocrx_word' id='word_1_268' title='bbox 979 1873 1012 1883; x_wconf 92' lang='lat'><em>-</em></span> <span class='ocrx_word' id='word_1_269' title='bbox 1027 1850 1159 1908; x_wconf 81' lang='lat' dir='ltr'><strong>poritsrne</strong></span> <span class='ocrx_word' id='word_1_270' title='bbox 1178 1849 1220 1893; x_wconf 84' lang='lat' dir='ltr'><strong>ob-</strong></span> 
     </span>
     <span class='ocr_line' id='line_1_25' title="bbox 100 1914 1220 1980; baseline -0.004 -13"><span class='ocrx_word' id='word_1_271' title='bbox 100 1928 166 1967; x_wconf 73' lang='lat' dir='ltr'><strong>verte</strong></span> <span class='ocrx_word' id='word_1_272' title='bbox 184 1923 261 1966; x_wconf 89' lang='lat' dir='ltr'><strong>Bouh.</strong></span> <span class='ocrx_word' id='word_1_273' title='bbox 301 1919 342 1966; x_wconf 74' lang='grc'>61.</span> <span class='ocrx_word' id='word_1_274' title='bbox 362 1923 397 1966; x_wconf 89' lang='lat' dir='ltr'><strong>ita</strong></span> <span class='ocrx_word' id='word_1_275' title='bbox 414 1923 468 1965; x_wconf 74' lang='lat' dir='ltr'><strong>All.</strong></span> <span class='ocrx_word' id='word_1_276' title='bbox 487 1921 570 1964; x_wconf 73' lang='lat' dir='ltr'><strong>Burun</strong></span> <span class='ocrx_word' id='word_1_277' title='bbox 590 1921 632 1964; x_wconf 87' lang='lat' dir='ltr'><strong>W.</strong></span> <span class='ocrx_word' id='word_1_278' title='bbox 652 1918 775 1979; x_wconf 80' lang='lat' dir='ltr'><strong>dignatur</strong></span> <span class='ocrx_word' id='word_1_279' title='bbox 793 1925 816 1962; x_wconf 84' lang='lat' dir='ltr'><strong>et</strong></span> <span class='ocrx_word' id='word_1_280' title='bbox 833 1917 890 1980; x_wconf 80' lang='lat' dir='ltr'><strong>infit</strong></span> <span class='ocrx_word' id='word_1_281' title='bbox 908 1919 1028 1963; x_wconf 85' lang='lat' dir='ltr'><strong>Schwarz.</strong></span> <span class='ocrx_word' id='word_1_282' title='bbox 1068 1914 1109 1962; x_wconf 86' lang='lat'><strong>65.</strong></span> <span class='ocrx_word' id='word_1_283' title='bbox 1129 1930 1220 1962; x_wconf 82' lang='lat' dir='ltr'><strong>oacuos</strong></span> 
     </span>
     <span class='ocr_line' id='line_1_26' title="bbox 100 1985 1222 2050; baseline -0.004 -16"><span class='ocrx_word' id='word_1_284' title='bbox 100 1991 159 2035; x_wconf 87' lang='lat' dir='ltr'><strong>mibi</strong></span> <span class='ocrx_word' id='word_1_285' title='bbox 178 1992 303 2050; x_wconf 82' lang='lat' dir='ltr'><strong>legendum</strong></span> <span class='ocrx_word' id='word_1_286' title='bbox 318 1991 421 2034; x_wconf 81' lang='lat' dir='ltr'><strong>ridetur.</strong></span> <span class='ocrx_word' id='word_1_287' title='bbox 466 1985 508 2033; x_wconf 91' lang='lat'><strong>66.</strong></span> <span class='ocrx_word' id='word_1_288' title='bbox 527 1986 593 2032; x_wconf 85' lang='lat' dir='ltr'><strong>Hinc</strong></span> <span class='ocrx_word' id='word_1_289' title='bbox 612 1989 695 2032; x_wconf 87' lang='lat' dir='ltr'><strong>lleins.</strong></span> <span class='ocrx_word' id='word_1_290' title='bbox 716 1989 794 2033; x_wconf 82' lang='lat' dir='ltr'><strong>Scbw.</strong></span> <span class='ocrx_word' id='word_1_291' title='bbox 817 2008 846 2022; x_wconf 90' lang='lat'><strong>·-</strong></span> <span class='ocrx_word' id='word_1_292' title='bbox 864 1985 932 2032; x_wconf 80' lang='lat' dir='ltr'><strong>Eece</strong></span> <span class='ocrx_word' id='word_1_293' title='bbox 949 1989 1034 2031; x_wconf 85' lang='lat' dir='ltr'><strong>Burm.</strong></span> <span class='ocrx_word' id='word_1_294' title='bbox 1055 1987 1102 2041; x_wconf 85' lang='lat' dir='ltr'><strong>„in</strong></span> <span class='ocrx_word' id='word_1_295' title='bbox 1116 1999 1176 2040; x_wconf 81' lang='lat' dir='ltr'><strong>ore,</strong></span> <span class='ocrx_word' id='word_1_296' title='bbox 1197 1990 1222 2030; x_wconf 88' lang='lat' dir='ltr'><strong>ut</strong></span> 
     </span>
     <span class='ocr_line' id='line_1_27' title="bbox 101 2055 1221 2116; baseline -0.004 -13"><span class='ocrx_word' id='word_1_297' title='bbox 101 2060 180 2104; x_wconf 82' lang='lat' dir='ltr'><strong>Tacit.</strong></span> <span class='ocrx_word' id='word_1_298' title='bbox 200 2060 262 2104; x_wconf 84' lang='lat' dir='ltr'><strong>ilist.</strong></span> <span class='ocrx_word' id='word_1_299' title='bbox 283 2057 312 2114; x_wconf 80' lang='lat'><strong>3,</strong></span> <span class='ocrx_word' id='word_1_300' title='bbox 335 2057 376 2104; x_wconf 80' lang='lat' dir='ltr'><strong>tt.</strong></span> <span class='ocrx_word' id='word_1_301' title='bbox 413 2058 541 2103; x_wconf 84' lang='lat' dir='ltr'><strong>lulianum</strong></span> <span class='ocrx_word' id='word_1_302' title='bbox 561 2058 589 2100; x_wconf 89' lang='lat' dir='ltr'><strong>in</strong></span> <span class='ocrx_word' id='word_1_303' title='bbox 606 2070 650 2100; x_wconf 81' lang='lat' dir='ltr'><strong>ore</strong></span> <span class='ocrx_word' id='word_1_304' title='bbox 670 2056 766 2102; x_wconf 85' lang='lat' dir='ltr'><strong>Vitellii</strong></span> <span class='ocrx_word' id='word_1_305' title='bbox 784 2057 928 2116; x_wconf 81' lang='lat' dir='ltr'><strong>iugulatum</strong></span> <span class='ocrx_word' id='word_1_306' title='bbox 945 2055 1030 2100; x_wconf 85' lang='lat' dir='ltr'><strong>dicit.&#39;&#39;</strong></span> <span class='ocrx_word' id='word_1_307' title='bbox 1059 2056 1137 2109; x_wconf 78' lang='lat' dir='ltr'><strong>noun,</strong></span> <span class='ocrx_word' id='word_1_308' title='bbox 1157 2056 1221 2112; x_wconf 81' lang='lat' dir='ltr'><strong>quod</strong></span> 
     </span>
     <span class='ocr_line' id='line_1_28' title="bbox 101 2126 1218 2183; baseline -0.004 -11"><span class='ocrx_word' id='word_1_309' title='bbox 101 2130 145 2172; x_wconf 83' lang='lat' dir='ltr'><strong>etsi</strong></span> <span class='ocrx_word' id='word_1_310' title='bbox 163 2128 242 2183; x_wconf 82' lang='lat' dir='ltr'><strong>primo</strong></span> <span class='ocrx_word' id='word_1_311' title='bbox 260 2129 346 2173; x_wconf 90' lang='lat' dir='ltr'><strong>intuitu</strong></span> <span class='ocrx_word' id='word_1_312' title='bbox 368 2128 501 2180; x_wconf 85' lang='lat' dir='ltr'><strong>blanditur,</strong></span> <span class='ocrx_word' id='word_1_313' title='bbox 528 2127 580 2173; x_wconf 82' lang='lat' dir='ltr'><strong>Dea</strong></span> <span class='ocrx_word' id='word_1_314' title='bbox 601 2129 743 2171; x_wconf 75' lang='lat' dir='ltr'><strong>lamentata</strong></span> <span class='ocrx_word' id='word_1_315' title='bbox 762 2129 921 2182; x_wconf 82' lang='lat' dir='ltr'><strong>spectaculum</strong></span> <span class='ocrx_word' id='word_1_316' title='bbox 942 2126 982 2169; x_wconf 81' lang='lat' dir='ltr'><strong>vix</strong></span> <span class='ocrx_word' id='word_1_317' title='bbox 1003 2138 1091 2180; x_wconf 84' lang='lat' dir='ltr'><strong>cupere</strong></span> <span class='ocrx_word' id='word_1_318' title='bbox 1115 2128 1218 2180; x_wconf 84' lang='lat' dir='ltr'><strong>poterat.</strong></span> 
     </span>
     <span class='ocr_line' id='line_1_29' title="bbox 101 2184 1219 2265; baseline 0.004 -24"><span class='ocrx_word' id='word_1_319' title='bbox 101 2198 146 2241; x_wconf 85' lang='lat' dir='ltr'><strong>cir.</strong></span> <span class='ocrx_word' id='word_1_320' title='bbox 166 2198 251 2253; x_wconf 86' lang='lat' dir='ltr'><strong>Eurip.</strong></span> <span class='ocrx_word' id='word_1_321' title='bbox 272 2198 367 2254; x_wconf 89' lang='lat' dir='ltr'><strong>llippol.</strong></span> <span class='ocrx_word' id='word_1_322' title='bbox 390 2194 466 2242; x_wconf 74' lang='lat'><strong>1427.</strong></span> <span class='ocrx_word' id='word_1_323' title='bbox 494 2197 591 2240; x_wconf 83' lang='lat' dir='ltr'><strong>Diana:</strong></span> <span class='ocrx_word' id='word_1_324' title='bbox 629 2191 698 2258; x_wconf 76' lang='grc' dir='ltr'>ἐμοὶ</span> <span class='ocrx_word' id='word_1_325' title='bbox 720 2189 777 2265; x_wconf 79' lang='grc' dir='ltr'><strong>γὰρ</strong></span> <span class='ocrx_word' id='word_1_326' title='bbox 807 2188 845 2244; x_wconf 76' lang='lat' dir='ltr'><strong>oi</strong></span> <span class='ocrx_word' id='word_1_327' title='bbox 872 2191 957 2258; x_wconf 65' lang='grc' dir='ltr'><strong>θέμις</strong></span> <span class='ocrx_word' id='word_1_328' title='bbox 979 2190 1108 2254; x_wconf 67' lang='lat' dir='ltr'><strong>abisaac</strong></span> <span class='ocrx_word' id='word_1_329' title='bbox 1124 2184 1219 2261; x_wconf 58' lang='grc' dir='ltr'>ὁρᾶν.</span> 
     </span>
     <span class='ocr_line' id='line_1_30' title="bbox 101 2257 1193 2337; baseline -0.007 -23"><span class='ocrx_word' id='word_1_330' title='bbox 101 2260 163 2314; x_wconf 77' lang='grc' dir='ltr'><strong>οὐδ’</strong></span> <span class='ocrx_word' id='word_1_331' title='bbox 182 2257 269 2331; x_wconf 73' lang='grc' dir='ltr'><em>ὄμμα</em></span> <span class='ocrx_word' id='word_1_332' title='bbox 283 2265 417 2337; x_wconf 78' lang='grc' dir='ltr'><strong>χραίνειν</strong></span> <span class='ocrx_word' id='word_1_333' title='bbox 435 2261 649 2328; x_wconf 58' lang='grc' dir='ltr'><strong>θανασίμοισιν</strong></span> <span class='ocrx_word' id='word_1_334' title='bbox 667 2261 814 2326; x_wconf 74' lang='grc' dir='ltr'>ἐκπνοαῖς.</span> <span class='ocrx_word' id='word_1_335' title='bbox 854 2262 895 2310; x_wconf 84' lang='grc'>69.</span> <span class='ocrx_word' id='word_1_336' title='bbox 915 2265 949 2308; x_wconf 86' lang='lat' dir='ltr'><strong>ita</strong></span> <span class='ocrx_word' id='word_1_337' title='bbox 966 2264 1058 2308; x_wconf 85' lang='lat' dir='ltr'><strong>Douza.</strong></span> <span class='ocrx_word' id='word_1_338' title='bbox 1074 2268 1121 2307; x_wconf 79' lang='lat' dir='ltr'><strong>tua</strong></span> <span class='ocrx_word' id='word_1_339' title='bbox 1139 2261 1193 2306; x_wconf 65' lang='grc' dir='ltr'><strong>Διά,</strong></span> 
     </span>
    </p>
   </div>
   <div class='ocr_carea' id='block_1_3' title="bbox 0 0 1397 4762">
    <p class='ocr_par' dir='ltr' id='par_1_3' title="bbox 0 0 1397 4762">
     <span class='ocr_line' id='line_1_31' title="bbox 0 0 1397 4762; baseline 0 0"><span class='ocrx_word' id='word_1_340' title='bbox 0 0 1397 4762; x_wconf 95' lang='lat' dir='ltr'><strong> </strong></span> 
     </span>
    </p>
   </div>
  </div>
 </body>
</html>
