2782 4762
661 318 716 381 80.

128 420 332 506 Cecropides
354 432 460 486 terrae
483 418 865 503 vox-praestantissima,
892 418 991 483 maius

192 527 247 601 Nil
272 526 357 590 dedit
379 524 509 607 eloquio
532 522 668 586 Graecia
691 534 760 586 tota
784 535 862 585 tuo:

129 632 238 695 Ausus
261 649 395 711 natuque
415 627 529 690 oeulos
553 624 584 688 in
608 625 727 688 eaelum
749 625 836 687 serre
860 628 1040 708 deumque,

193 732 325 797 Alluees
348 729 466 792 nostris
490 727 632 792 moribus
655 727 728 790 inde
751 727 872 801 faeem3

131 832 278 916 Cumque
300 831 475 914 supercilio
499 830 604 894 Sannio
628 832 666 894 de
690 831 825 893 Soerate
849 850 957 893 nasum
1048 884 1052 895 .
1149 850 1153 863 ·

193 933 325 1020 Iungis,
350 955 432 1017 opus
454 934 554 996 saneti
575 931 682 995 nobile
705 931 837 995 dissidii.

664 1071 718 1134 81.

131 1194 231 1261 Cuius
254 1215 305 1269 es,
332 1203 364 1256 et
386 1214 539 1278 quorsum
563 1193 684 1255 tumulo
707 1190 798 1256 Ievis
821 1193 961 1279 armiger
984 1193 1103 1259 instans
1204 1210 1207 1217 '

195 1297 381 1380 Astrigeras
404 1296 510 1359 divum
535 1294 669 1377 suspicis
693 1315 750 1358 ore
773 1297 910 1359 deuios?

133 1400 358 1482 spretor-ego
382 1401 421 1459 ad
443 1417 578 1479 superos
601 1395 721 1459 animae
744 1397 908 1461 volitantis
931 1398 1063 1484 imago:

194 1502 303 1565 Attica
328 1512 489 1565 terrenum
514 1512 601 1563 terra
624 1500 768 1564 Platonis
792 1502 899 1564 habet.

664 1640 719 1703 82.

134 1763 229 1826 Unde
251 1782 315 1845 ego
338 1778 403 1824 non
427 1760 546 1841 disces,
571 1782 629 1823 nee
651 1783 717 1843 quo
740 1760 797 1823 siin
823 1759 969 1827 nomine:
994 1765 1048 1824 sed
1072 1767 1160 1847 qarod
1186 1804 1188 1808 ,
1228 1767 1231 1773 '

195 1865 291 1927 Hune
314 1864 466 1927 uunulum
490 1863 636 1948 quisquis
659 1863 831 1947 praeterit,
857 1875 932 1946 opta
957 1865 1050 1930 niori.

669 2079 724 2143 83.

133 2219 248 2283 Funde
269 2229 376 2282 truces
399 2218 504 2301 spinas
527 2218 600 2280 hine
623 2229 718 2303 atque
742 2218 817 2281 hine
838 2217 990 2303 squallida
1016 2220 1129 2299 tellus,
1228 2308 1232 2320 ι

196 2324 440 2406 Hori-entesque
462 2344 560 2404 super
581 2334 690 2386 nostra
713 2323 884 2403 sepulchra
907 2325 1028 2386 rubos:

132 2424 184 2487 Ne
207 2424 259 2486 vel
281 2423 349 2487 avis
372 2436 471 2506 ponat
492 2425 574 2487 levis
597 2426 649 2486 hie
671 2422 806 2508 vestigia
831 2447 932 2489 verno

198 2529 383 2608 Tempore,
407 2530 463 2588 sed
485 2548 604 2611 segeex
626 2539 658 2591 et
680 2527 748 2591 sine
770 2539 851 2591 teste
874 2530 1001 2591 cubem.

91 2614 94 2619 ¹
131 2628 192 2692 Ille
214 2629 302 2692 serus
324 2651 391 2693 suan
417 2629 533 2717 Timo,
558 2630 632 2692 meis
656 2652 786 2714 qnoque
808 2631 932 2692 civibus
954 2630 1076 2707 bostis,
1240 2637 1259 2699 5

197 2733 267 2795 Nee
287 2732 349 2796 Dis
372 2732 442 2816 ipse
463 2744 554 2814 putat
576 2755 661 2796 nune
683 2732 759 2795 satis
781 2752 851 2797 esse
873 2754 975 2799 suum.

653 2873 726 2942 84..

133 2993 229 3055 Hune
251 2993 403 3056 tumulum
426 2994 543 3071 transi,
568 2990 699 3059 nee'nre
723 2993 772 3057 vel
797 3014 878 3057 voce
899 2995 1020 3058 sainte:

198 3097 267 3158 Nee
290 3117 339 3158 ure
363 3098 432 3180 quis
454 3097 590 3173 fuerim,
615 3119 681 3180 quo
704 3097 871 3180 genitore,
899 3120 993 3182 roga.
1080 3104 1084 3111 '

135 3197 208 3272 Sin,
233 3219 271 3260 ne
293 3200 496 3280 propositum
518 3220 655 3284 peragas
678 3188 756 3275 iter,
782 3211 813 3262 at
836 3191 1013 3264 taciturnus

197 3300 232 3365 Si
255 3301 420 3378 transibis,
446 3303 505 3364 iter
527 3303 574 3366 sie
595 3324 725 3386 queque
748 3324 786 3366 ne
807 3325 959 3387 peragas.

669 3442 724 3506 85.

133 3563 268 3625 Mortue
293 3561 342 3623 die
366 3561 501 3636 Timon,
526 3563 581 3625 lux
605 3563 769 3646 displicet,
793 3584 831 3626 an
854 3560 1126 3646 tenebrae‘pius‘?

198 3666 277 3727 Pius
300 3669 474 3743 tenebrae,
500 3678 641 3730 vestrum
664 3687 744 3749 pars
767 3665 840 3749 quia
865 3666 966 3730 maior
989 3667 1031 3730 ibi
1056 3681 1115 3732 est.

665 3807 721 3870 86.

132 3920 287 4006 Improbe
308 3939 439 4008 praeter
462 3927 533 4007 abi,
558 3948 616 3992 nee
640 3950 698 3993 ave
721 3927 796 3992 mihi
819 3929 923 3992 dicere
947 3951 1037 3995 eura.

198 4027 233 4089 Si
254 4040 287 4091 tu
310 4051 373 4093 non
397 4032 503 4108 rides,
527 4033 590 4095 hoe
612 4044 660 4094 sat
684 4053 781 4095 avere
805 4033 880 4095 mihi
903 4046 963 4096 est.

308 4173 389 4220 Sunt?
409 4176 545 4221 Tenebrae.
583 4178 669 4223 Plures
689 4178 779 4223 Oreum
799 4179 907 4225 habitant
925 4181 1043 4226 homines.

205 4241 246 4291 86.
268 4242 292 4290 2.
313 4246 371 4291 Seu.
393 4247 450 4291 olim
470 4246 592 4304 tegebatur
610 4245 713 4310 γελᾶν.
844 4250 851 4257 ’
