2782 4762
183 206 243 267 128

180 364 385 445 Propontida
409 375 572 427 trucemve
595 365 767 429 Ponticum
791 367 908 443 sinum,

177 464 246 528 Ubi
269 464 328 528 iste
351 477 426 546 post
448 466 595 548 phaselus
619 478 708 529 antea
732 467 793 530 fuit

181 565 318 630 Comata
340 565 440 628 silva:
467 588 537 628 nam
561 566 701 646 Cytorio
724 567 757 630 in
779 568 857 652 iugo

180 669 351 752 Loquente
374 689 468 748 saepe
491 667 617 730 sibilum
639 669 738 733 edidit
761 692 867 734 coma.

182 768 326 831 Amastri
345 768 484 833 Pontica
507 780 545 831 et*
561 769 686 849 Cytore
709 771 853 847 buxifer,

180 870 257 935 Tibi
281 873 360 934 haec
381 869 478 934 fuisse
501 881 532 932 et
555 893 621 934 esse
645 871 864 956 cognitissima

179 971 237 1034 Ait
259 973 427 1054 phaselus:
451 971 562 1034 ultima
585 995 625 1035 ex
648 973 775 1061 origine

180 1076 253 1137 Tuo
278 1072 402 1136 stetisse
426 1073 505 1137 dicit
528 1073 561 1136 in
585 1075 766 1150 cacumine,

179 1179 253 1239 Tuo
277 1174 427 1238 imbuisse
449 1175 603 1256 palmulas
624 1176 657 1238 in
680 1197 835 1260 aequore,

177 1279 222 1340 Et
243 1276 316 1338 inde
338 1287 388 1339 tot
410 1299 469 1358 per
490 1276 679 1359 impotentia
700 1278 784 1340 freta

178 1381 301 1440 Herum
325 1378 450 1455 tulisse,
474 1380 565 1441 laeva
587 1379 654 1442 sive
678 1383 809 1442 dextera

177 1482 324 1544 Vocaret
347 1502 440 1555 aura,
465 1480 531 1542 sive
557 1492 723 1563 utrumque
746 1480 891 1563 luppiter

180 1581 281 1645 Simul
303 1585 458 1643 secundus
481 1581 645 1644 incidisset
668 1582 700 1643 in
722 1585 850 1664 pedcm;

180 1686 295 1767 Neque
318 1684 382 1744 nlla
404 1695 481 1746 vota
503 1682 684 1747 litoralibus
708 1683 768 1747 diis

178 1784 248 1848 Sibi
270 1807 337 1848 esse
359 1784 464 1860 facta3
489 1807 587 1870 quom
610 1785 736 1848 veniret
758 1808 776 1848 a
797 1808 884 1849 mare

178 1886 366 1949 Novissime
389 1888 474 1948 hunc
497 1888 657 1970 adusque
680 1887 845 1969 limpidum
867 1888 982 1950 lacum.

178 1990 242 2051 Sed
264 1990 343 2050 haec
366 1986 455 2070 prius
478 1987 585 2050 fuere:
610 2009 694 2050 nunc
716 1989 884 2053 recondita

178 2092 274 2153 Senet
296 2089 401 2173 quiete
425 2110 521 2172 seque
545 2088 671 2152 dedicat
694 2089 771 2167 tibi,

179 2191 322 2254 Gemelle
347 2190 467 2255 Castor
489 2200 521 2252 ct
544 2192 677 2283 gemelle
701 2190 863 2257 Castoris.

649 2381 717 2444 111.
741 2381 825 2460 (31.)

241 2498 520 2576 Paeninsularum,
544 2499 685 2576 Sirmio,
704 2500 940 2582 insularumque

181 2601 310 2676 ocelle,
334 2623 537 2686 quascunque
560 2601 592 2663 in
614 2601 808 2686 liquentibus
830 2598 951 2683 stagnis

179 2702 332 2787 Marique
355 2714 446 2767 vasto
469 2703 534 2765 fert
557 2715 690 2788 uterque
713 2705 899 2784 Neptunus,

181 2804 283 2884 Quam
305 2815 336 2866 te
358 2804 495 2868 libenter
518 2827 675 2891 quamque
697 2805 797 2867 laetus
819 2803 943 2878 inviso,

178 2905 250 2967 Vix
272 2905 315 2967 mi
336 2904 404 2987 ipse
428 2911 561 2969 eredens
585 2905 745 2986 Thyniam
768 2917 863 2989 atque
887 2904 1050 2984 Bithynos
1082 2894 1084 2900 ⁵

179 3005 331 3091 Liquisse
355 3029 486 3089 campos
509 3019 540 3070 et
563 3008 673 3071 videre
695 3018 725 3070 te
746 3007 780 3069 in
802 3009 891 3071 tuto!

181 3110 211 3173 Ο
236 3106 312 3190 quid
334 3107 447 3171 solutis
470 3119 516 3170 est
538 3108 661 3172 beatius
685 3108 790 3184 curis,

181 3211 287 3288 Quom
311 3231 397 3271 mens
420 3231 500 3275 onus
521 3210 652 3292 reponit
674 3233 712 3274 ac
732 3210 909 3295 peregrino

180 3312 314 3373 Labore
337 3310 413 3373 sessi
431 3312 572 3375 venimus
589 3313 687 3375 larem
711 3315 750 3375 ad
773 3324 918 3376 nostrum

180 3411 436 3497 Desideratoque
459 3413 688 3498 acquiescimus
710 3415 821 3478 lecto!

180 3515 259 3579 Hoc
282 3525 347 3588 est,
370 3516 458 3599 quod
480 3527 603 3578 unumst
625 3537 687 3597 pro
709 3514 879 3579 laboribus
901 3515 1008 3579 tantis.

182 3616 297 3694 Salve,
321 3637 340 3680 o
364 3627 495 3678 venusta
518 3616 654 3691 Sirmio,
678 3628 772 3700 atque
794 3618 873 3680 hero
898 3621 1019 3701 gaude:

183 3718 326 3779 Gaudete
349 3738 489 3801 vosque,
515 3739 534 3781 o
557 3718 681 3798 Lydiae
702 3718 790 3781 lacus
811 3722 932 3781 undae:

187 3817 320 3894 Ridete,
344 3817 498 3904 quicquid
520 3831 567 3882 est
589 3819 677 3884 domi
699 3819 947 3885 cachinnorum!

655 4010 720 4073 tv.
744 4012 828 4093 (84.)

103 4169 105 4173 ψ
184 4121 389 4188 Chommoda
408 4127 550 4208 dicebat,
572 4127 599 4191 si
621 4134 748 4215 quando
773 4134 942 4196 commoda
966 4128 1062 4194 vellet

244 4224 379 4304 Dicere,
403 4240 435 4291 et
455 4228 584 4294 insidias
607 4231 724 4297 Arrius
746 4231 917 4308 hinsidias,
