2782 4762
293 307 500 394 Fuliginnsae
523 307 654 393 virgini.

209 412 270 477 Illa
292 411 370 478 nihil
392 411 555 490 dubitans,
579 411 697 496 digitos
719 409 862 495 inspexit
883 422 1008 476 acutum

295 514 452 600 sinusque
473 535 622 580 ramosos
646 514 760 589 volae;

207 617 357 704 Denique
379 618 570 682 vaticinata:
595 617 683 693 „Diu
704 616 732 681 si
753 616 891 694 vixeris,
915 615 1039 701 inquit,

292 720 442 786 Moriere
464 724 665 806 grandaevus
688 721 820 784 senex.''
877 793 884 804 .

211 824 278 889 Ista
298 821 394 900 ioco,
419 835 455 888 ut
476 845 603 907 possem
626 824 803 887 simulatum
826 842 1005 905 agnoscere
1030 821 1172 902 voltum,

295 919 436 1002 „Macer
458 926 599 991 manebis
608 927 639 1003 ,’'
663 925 798 1000 addidit;

210 1029 349 1095 Nomine
371 1051 485 1115 meque
509 1051 580 1095 meo
604 1041 716 1108 vocat,
741 1050 779 1092 os
802 1038 919 1091 mutata
941 1029 1092 1092 decorum
1122 1034 1126 1043 ¹
1213 1029 1257 1093 55

229 1149 237 1161 ·
296 1134 398 1196 'l'ersa
421 1132 511 1217 genis
535 1131 718 1219 nigrediue3
793 1216 795 1220 Ι

206 1235 313 1302 Aonia
335 1235 438 1318 qualis
459 1235 587 1300 Phoebi
610 1234 755 1300 consedit
775 1236 807 1299 in
829 1256 919 1315 arce,
950 1310 952 1315 Α

286 1338 411 1403 ·Donec
432 1337 578 1400 sinebant
600 1337 765 1402 Bistones.

210 1440 367 1505 Protinus
389 1439 540 1505 exsiliens
563 1461 644 1525 ego:
668 1439 761 1514 „Cur
783 1440 872 1520 Dea,
896 1444 1055 1506 schemate
1077 1444 1134 1507 vili

297 1544 455 1607 Formosa
478 1544 561 1606 celas
583 1542 752 1607 lumina?”
1212 1550 1257 1611 60

212 1645 351 1709 Psaltria
373 1645 520 1708 subrisit:
544 1647 721 1720 „Nostrum
746 1659 794 1710 est
815 1669 922 1710 errare
944 1669 1002 1730 per
1026 1651 1121 1713 urbes

297 1750 342 1812 Et
363 1770 488 1832 regua,
513 1769 578 1833 quo
600 1748 665 1812 fert
687 1749 834 1831 impetus.

214 1853 344 1916 Hocet
366 1851 515 1934 Calliope
538 1851 615 1914 iacit
631 1853 845 1934 ‘Euterpeque
868 1853 1057 1936 Eratoque:

297 1955 416 2019 Omnes
440 1974 556 2018 novem
579 1954 799 2019 Permessides

211 2058 314 2121 More
336 2077 544 2141 peragramus
566 2058 676 2120 fuscae
694 2055 860 2122 Nilotidos
883 2060 995 2122 orbem
1201 2063 1257 2125 -65

298 2160 425 2244 Magno
449 2161 537 2224 bono
560 2159 752 2224 mortalium.

213 2261 326 2344 Qualis
348 2263 431 2325 enim
455 2274 568 2326 ventus
591 2274 757 2348 grassatur
779 2275 811 2327 et
834 2284 977 2347 aequora
1002 2267 1080 2330 flatu

296 2364 467 2447 Aureaque
489 2378 607 2449 purgat
628 2364 770 2449 inquies3

138 2519 142 2529 .
213 2466 366 2532 Sollicitis
389 2467 531 2530 homines
554 2468 752 2531 discursibus
777 2490 877 2554 usque
900 2491 1085 2549 movemus,

300 2571 351 2632 Ne
373 2580 633 2652 computrescant
655 2571 738 2634 otio.
1121 2627 1124 2633 .
1214 2577 1257 2639 to

213 2673 323 2758 thue
347 2671 449 2736 Ceres
474 2673 566 2752 olim,
589 2685 712 2754 raptam
736 2695 753 2736 a
775 2677 936 2755 praedone
960 2675 1075 2741 marito

298 2776 406 2855 Quom
429 2786 597 2859 quaereret
618 2777 868 2858 Proserpinam,

216 2878 341 2944 Semina
364 2879 482 2959 sparsit
504 2877 590 2963 agris
612 2889 756 2961 segetum
778 2878 914 2944 fecunda
939 2881 1070 2967 viasque

226 3007 243 3041 κ
298 2980 442 3044 Vestivit
464 3001 575 3044 omncs
597 2979 765 3064 frugibus3

117 3071 119 3075 ⁷
215 3084 268 3147 Sic
291 3105 349 3146 nos
372 3083 525 3165 proiectis
546 3083 608 3145 iter
632 3083 907 3166 omne²replemus
929 3087 1038 3152 avenis
1214 3095 1257 3157 75
1316 3120 1319 3126 ·

298 3187 343 3248 Et
365 3185 556 3248 seminamus·
574 3185 697 3247 nablia:

167 3349 172 3358 ,
215 3289 468 3373 Excolimusquc
491 3288 611 3378 animos
633 3300 665 3351 et
686 3290 823 3354 barbara
845 3295 943 3357 corda
967 3296 1129 3358 domamus

301 3393 392 3458 Artis
415 3413 552 3455 canorae
574 3391 737 3466 laudibus;

107 3497 110 3503 ’
217 3494 459 3581 Dignamurque
481 3497 577 3557 rudes
599 3494 691 3556 etiam
714 3495 904 3580 penitusque
925 3511 1068 3565 remotas

298 3600 332 3662 -A
356 3599 424 3661 sole
447 3608 559 3681 gentes
582 3597 698 3661 visere.
1078 3640 1084 3653 .
1212 3608 1259 3671 80

216 3703 292 3766 Non
315 3701 427 3776 vallis,
452 3720 516 3763 non
539 3700 625 3781 rupis
650 3702 758 3777 obex,
782 3722 846 3765 non
869 3714 980 3788 stagna
997 3696 1185 3785 'retardant,

299 3807 377 3868 Non
398 3815 498 3868 terret
522 3807 578 3865 a'e'r
601 3802 754 3867 crassior.

216 3913 391 3974 Extremos
413 3906 575 3969 bominum
598 3905 752 3970 Morinos
775 3930 857 3992 quos
880 3910 987 3975 Roma
1000 3910 1133 3994 putavit

301 4011 461 4093 Nullaque
483 4010 590 4073 claros
611 4007 738 4086 indole,
1082 4010 1086 4018 ⁴

218 4116 358 4180 Annon
380 4113 556 4197 linquentes
578 4111 669 4175 nobis
693 4075 896 4180 suadentibirs
919 4128 1007 4181 antra
1209 4121 1255 4185 85

301 4218 466 4281 Levantur
488 4214 519 4279 in
541 4214 727 4300 fastigium?
1134 4228 1136 4233 ⁴
