2752 4746
296 333 350 396 Ex
373 352 439 415 qno
462 328 616 395 distineor
637 328 754 393 finibus
776 328 906 393 Alsatae

238 435 310 500 Nec
332 444 468 499 mustum
489 432 612 517 patriae
634 432 726 497 bibo.

300 539 379 614 Me,
402 537 430 602 si
451 536 517 600 lata
538 537 673 615 volunt,
699 535 834 621 accipiat
856 536 944 601 lacus

237 643 343 706 Trans
365 640 532 705 Maeotida
555 639 702 725 nigrior3

298 743 392 808 Ultra
414 744 618 808 Sauromatas
642 744 769 809 deserar
790 743 920 808 ultimos

238 848 283 911 Et
304 867 401 910 canan
421 846 496 931 iuga
519 846 677 915 Phasidis.

301 951 372 1031 Qua
396 971 542 1014 convexa
565 962 675 1034 patent
698 948 837 1014 aetheris
859 950 957 1027 atria,

238 1055 373 1118 Vastam
397 1053 548 1135 possideo
572 1056 713 1117 domum.

302 1157 369 1219 Hic
391 1178 460 1219 sum
482 1167 593 1233 natus,
616 1156 671 1219 ubi
693 1177 772 1250 sum.
816 1154 986 1220 Celebrem
1010 1156 1085 1220 loeo

237 1259 277 1324 ln
300 1260 416 1345 quovis
438 1259 572 1341 patriam
597 1258 659 1322 viri

304 1363 421 1426 Fortes
443 1362 609 1425 inveniunt
630 1365 684 1426 vel
704 1360 826 1425 laniunt
847 1359 920 1425 sibi.

242 1467 353 1530 Eheu!
378 1467 449 1546 plus
473 1464 570 1529 nimio
593 1485 739 1542 memor,
952 1542 956 1548 '

227 1552 232 1562 ¹
306 1568 451 1632 Natalem
476 1566 621 1652 quereris
643 1570 780 1648 perdere
803 1566 976 1651 glebulam.

243 1673 497 1753 Transportatus
520 1691 554 1733 es
577 1690 617 1732 ex
639 1679 715 1744 tuo,

305 1774 381 1837 Non
404 1766 525 1834 eiectus
548 1792 643 1856 agro.
689 1770 797 1835 Crede
820 1770 978 1836 roloniam

242 1874 384 1941 Romani
404 1873 464 1938 tibi
486 1874 593 1937 militis
1200 1874 1241 1938 35

309 1977 518 2043 Concessam.
563 1980 703 2042 Veteres
726 1976 891 2041 Ausoniae
914 1980 1030 2056 duces,

244 2079 369 2164 Spretis
391 2080 553 2146 montibus
575 2080 682 2157 Italis,

308 2186 405 2266 Quod
428 2184 574 2261 vincunt,
597 2184 754 2248 habitant.
801 2182 942 2271 Corrige
965 2184 1081 2251 tristia.

245 2287 400 2365 Caelum,
425 2310 491 2372 quo
514 2288 633 2373 tegeris
657 2298 773 2371 caput,

310 2395 465 2470 Terram,
489 2413 570 2477 quae
593 2391 737 2476 profugo
762 2391 931 2457 subiicitur
952 2391 1045 2476 pedi,
1204 2393 1245 2454 40

245 2497 351 2562 Nemo
374 2497 501 2560 auferre
525 2506 645 2578 potest.
690 2495 788 2559 Vale.

309 2599 453 2665 Mirum!
477 2601 599 2683 Sponte
621 2598 701 2662 fides
722 2610 772 2660 ter
793 2598 958 2662 recinunt:
997 2597 1097 2661 Vale.

141 2964 245 3029 VIII.
275 2961 340 3028 AD
363 2963 407 3027 D.
430 2960 675 3025 VIRGINEM
698 2962 1017 3040 ASsUMPtnM,
1045 2963 1095 3028 IN
1118 2963 1223 3030 EIUS

534 3084 833 3149 PERVIGILIO.

121 3232 220 3312 Quae
241 3239 293 3294 eat
306 3227 394 3306 ἱετα,
419 3247 507 3312 pane
525 3225 680 3290 aseendit
694 3226 736 3289 de
751 3226 903 3305 deserto,
928 3227 1059 3291 deliciis
1073 3226 1244 3318 affluens,

305 3349 432 3413 innixa
452 3371 558 3432 nuper
579 3348 742 3412 dilectum
762 3351 889 3414 aarum?
912 3350 1009 3415 Cant.
1033 3350 1065 3413 8.

293 3489 369 3569 Quo
393 3490 442 3552 die
465 3490 559 3553 terris
581 3493 760 3574 properans
782 3490 902 3554 relictis

293 3594 380 3655 Tota
403 3591 547 3677 migrasti
569 3614 666 3677 super
689 3606 793 3670 astra,
818 3592 948 3677 Virgo,

295 3693 449 3758 Floribus
472 3707 606 3758 stratum
628 3696 687 3759 tibi
709 3709 820 3782 tergus
841 3694 949 3760 ineur-

379 3796 468 3861 vavit
491 3798 668 3879 Olympusa

296 3934 421 4011 Dulce,
445 3948 476 3999 te
500 3936 567 4000 visa
591 3939 775 4023 gradiente,
800 3940 879 4005 caeli

296 4038 434 4103 Carmen
458 4041 597 4104 auditum
621 4064 793 4107 resonare:
818 4044 954 4123 „Qualis

296 4141 363 4205 Ista
385 4143 580 4227 per-nigrae
602 4146 674 4208 loca
698 4160 787 4210 senta
810 4148 908 4210 silvae
932 4157 964 4210 ot

380 4245 523 4310 Horrida
547 4260 676 4333 tesqua,

176 4349 265 4400 Eclogae
281 4347 339 4387 Poe't.
353 4347 397 4386 Lat.
