2782 4762
182 159 248 229 31⁶

146 324 150 331 ’
246 319 407 410 ἄμπελος,
432 320 518 416 ὐγρά
539 324 632 416 πέριξ
653 318 807 410 κλήματα
824 325 1005 412 χευαμίνη,

181 421 297 495 εἵνεκεν
316 423 483 522 εὐμαθίης
507 422 768 518 πινυτόφρονος,
788 420 831 508 ἣν
852 421 871 492 ὁ
892 425 1047 518 μελιχρὸς
1284 429 1307 495 5

245 525 385 612 ἤσκησεν
409 530 556 597 Μουσῶν
577 526 706 617 ἄμμιγα
730 533 786 595 καί
814 530 980 619 Χαρίτων.
1304 544 1306 549 ’

530 715 582 783 46.
603 713 951 785 ΣΙΜΩΝΙΔΟΥ.

181 833 384 920 Ἐσβέσθης,
409 840 527 925 γηραιὲ
547 829 758 926 Σοφόκλεις,
783 832 895 915 ἄνθος
910 833 1049 921 άοιδῶν,

244 933 385 1005 οἰνωπόν
405 932 543 1024 Βάκχου
564 933 689 1028 βότρυν
710 933 932 1029 ἐρεπτόμενος.

610 1125 661 1191 47.
683 1123 791 1191 ΙΩΝ
796 1123 878 1194 ΟΣ.

181 1247 290 1337 Χαῖρε
310 1246 572 1333 μελαμπέπλοις,
592 1241 767 1331 Εὐριπίδη,
790 1247 824 1313 ἐν
845 1239 1020 1331 γυάλοισιν

243 1349 384 1438 Πιερίας
405 1343 463 1414 τὸν
489 1343 539 1413 ἀεὶ
559 1343 675 1424 νυκτὸς
696 1346 775 1434 ἔχων
796 1343 975 1433 θάλαμον·

179 1450 260 1518 ἴσθι
282 1445 315 1516 δ’
338 1444 403 1516 ὐπὸ
423 1447 554 1536 χθονὸς
579 1446 641 1527 ἄν,
667 1441 719 1515 ότι
734 1472 789 1517 σοι
812 1453 907 1529 κλέος
925 1448 1082 1544 ἄφθιτον
1102 1451 1214 1533 ἔσται,

242 1543 316 1621 ἶσον
333 1547 519 1643 Ὁμηρείαις
541 1547 672 1630 ἀενάοις
689 1546 835 1643 χάρισιν.

517 1739 568 1807 48.
595 1737 959 1807 ΑΔΕΣΠΟΤΟΝ.

178 1855 225 1929 Εἰ
247 1863 302 1928 καί
328 1854 519 1949 δακρυόεις,
544 1857 723 1951 Εὐριπίδη,
747 1852 811 1927 εἷλέ
831 1883 866 1928 σε
891 1857 1019 1940 πότμος

241 1964 297 2031 καί
317 1987 354 2030 σε
379 1963 617 2055 λυκορῤαῑςται
641 1965 770 2030 δεῖπνον
792 1962 912 2031 ἔθεντο
937 1960 1046 2047 κύνες,
1157 2022 1161 2028 ,

177 2060 237 2134 τὸν
259 2066 366 2160 σκηνῇ.
380 2066 555 2156 μελίγηρυν
577 2059 722 2147 ἀηδόνα,
743 2059 868 2153 κόσμον
889 2065 1062 2150 Ἀθηνῶν,
1188 2111 1190 2115 1

240 2167 298 2236 τὸν
319 2168 422 2262 σοφίη
447 2170 609 2236 Μουσέων
628 2162 807 2254 μιξάμενον
824 2163 960 2260 χάριτα.

178 2264 254 2338 ἄλλ’
278 2271 393 2360 ἔμολες
413 2273 580 2337 Πελλαῖον
601 2263 652 2335 ὑπ’
677 2266 786 2359 ἠρίον,
810 2267 853 2349 ὡς
878 2268 919 2338 ἄν
934 2267 958 2366 ’ὁ
981 2267 1098 2366 λάτρις
1281 2277 1302 2340 5
1355 2281 1357 2284 ’

239 2375 404 2461 Πιερίδων
424 2373 518 2466 ναίης
539 2366 671 2459 ἀγχόθι
692 2374 866 2464 Πιερίδων.

503 2560 560 2627 49..
590 2557 736 2628 ΘΘΥΚ
751 2558 965 2631 ΥΛΙΔΟΥ.

176 2682 306 2770 Μνάμα
325 2686 386 2769 μέν
403 2675 527 2760 Ἑλλάς
550 2672 649 2749 ἄπαδ
673 2677 871 2767 Εὐριπίδου·
893 2677 994 2749 ὀστέα
1016 2678 1047 2750 δ’
1072 2685 1155 2773 ἴσχει

238 2787 281 2873 γῆ
301 2779 479 2851 Μακεδών·
502 2780 522 2866 ἡ
544 2781 609 2876 γάρ
632 2783 747 2865 δέξατο
769 2788 873 2876 τέρμα
895 2786 984 2873 βίον.

175 2894 295 2980 πατρίς
315 2882 349 2955 δ’
370 2881 529 2966 Ἑλλάδος
549 2882 684 2967 Ἑλλάς,
709 2886 875 2968 Ἀθῆναι·
896 2893 1033 2955 πλείστα
1053 2890 1090 2956 δέ
1111 2882 1256 2976 μούσαις

238 2994 383 3086 τέρψας,
406 2991 440 3057 ἐκ
459 2990 589 3057 πολλῶν
614 2993 671 3056 καί
696 2987 754 3056 τὸν
779 2989 913 3059 ἔπαινον
933 2990 1008 3079 ἔχει.

567 3177 618 3245 50.
640 3177 801 3245 ΑΔΗΛ
811 3174 888 3246 ΟΝ.

179 3296 226 3369 Οὐ
247 3296 307 3368 σὸν
326 3298 441 3387 μνῆμα
466 3293 541 3379 τόδ’,
564 3293 628 3364 ἔστ’
639 3348 648 3380 ,
663 3292 843 3387 Εὐριπίδη,
865 3295 953 3368 ἄλλά
973 3297 1013 3369 σύ
1037 3303 1149 3374 τούδε·
1236 3277 1239 3282 ’
1288 3314 1291 3321 “

237 3399 277 3498 τῇ
302 3403 344 3499 σῇ
363 3398 428 3491 γὰρ
451 3397 529 3496 δόξη
549 3401 663 3489 μνῆμα
684 3395 759 3468 τόδ’
783 3396 973 3490 ἀμπέχεται.

565 3590 617 3656 51.
639 3588 676 3654 Α
684 3589 712 3655 Δ
721 3589 750 3655 Δ
755 3588 792 3654 Α
797 3589 821 3653 I
828 3586 855 3652 0
869 3590 904 3655 Y.

178 3707 226 3778 Οὐ
251 3732 288 3777 σε
309 3708 412 3777 κυνῶν
436 3710 530 3794 γένος
553 3701 633 3787 εἷλ’,
656 3703 835 3800 Εὐριπίδη,
860 3705 936 3776 οὐδὲ
955 3708 1111 3796 γυναικὸς
1139 3747 1146 3753 -

236 3803 386 3903 οἶστρος,
409 3809 468 3879 τόν
493 3812 624 3893 σκοτίης
647 3808 818 3900 Κύπριδος
840 3806 1037 3899 ἀλλότριον,

172 3910 249 3983 ἄλλ’
273 3916 387 3996 ’Λίδης
410 3919 466 3981 καί
487 3915 608 4002 γῆρας·
629 3908 713 3980 ὐπαί
736 3914 874 4007 Μακέτη
899 3908 931 3979 δ’
959 3913 1151 4010 Ἀρεθοόση

237 4022 361 4096 κεῖσαι,
381 4017 533 4110 ἑταιρείῃ,
546 4017 654 4102 τίμιος
675 4018 842 4108 Ἀρχέλεω.
861 4063 864 4067 «

234 4217 388 4311 βήματα,
409 4226 465 4289 καὶ
486 4217 608 4304 σκηνάς
627 4216 748 4309 ἐμβάδι
769 4225 982 4301 πυθομένας.
