2782 4762
126 187 168 252 69

57 391 60 395 -
126 347 228 429 Quod
247 344 390 433 quoique
412 344 574 410 obtulerat
593 345 733 426 praedae
753 340 900 418 fortuna,
923 340 1067 416 serebat,

129 452 254 533 Sponte
276 469 331 513 sua
353 446 418 511 sibi
440 445 576 533 quisque
598 444 706 510 valere
728 455 761 510 et
782 443 893 509 vivere
917 447 1045 508 doctus.

190 555 235 617 Et
257 554 369 617 Venus
391 548 424 613 iu
447 546 538 612 silvis
557 548 712 633 iungebat
735 568 878 631 corpora
900 557 1080 610 amantum:

127 653 335 721 Conciliabat
354 651 437 716 enim
460 651 514 715 vel
537 662 643 714 mutua
664 672 822 737 quamque
849 648 968 734 cupido

129 757 196 823 Vel
219 755 361 821 violenta
383 751 449 817 viri
469 752 520 817 vis
543 764 639 838 atque
659 751 801 836 impensa
817 752 922 817 libido
976 769 978 774 ·

127 859 194 924 Vol
215 857 372 943 pretium,
396 857 527 942 glandes
550 868 645 941 atque
665 859 778 919 arbuta
801 855 854 919 vel
875 855 947 938 pira
967 855 1063 920 lecta.

192 963 236 1026 Et
257 982 403 1024 manuum
426 958 506 1023 mira
528 956 624 1023 iretei
646 957 764 1022 virtute
784 961 964 1043 pedumque

128 1063 407 1130 Consectabantur
425 1060 585 1126 silvestria
607 1060 693 1125 secla
711 1060 852 1124 serarum

127 1165 312 1232 Missilibus
331 1165 416 1229 saxis
439 1176 471 1230 et
492 1186 611 1250 magno
633 1166 778 1247 pondere
802 1162 931 1239 elavae3

129 1269 302 1355 Multaque
323 1267 513 1344 vincebant,
536 1267 681 1330 vitabant
700 1287 802 1349 pauca
824 1265 976 1341 latebris;

128 1370 350 1457 Setigerisque
369 1392 463 1453 pares
485 1368 593 1434 suibus
613 1368 775 1433 silvestria
796 1371 940 1432 membra

131 1475 305 1538 Nudabant
322 1484 446 1549 terrae,
469 1482 630 1537 nocturno
652 1482 799 1555 tempore
822 1471 946 1554 captei,

129 1575 262 1641 Circum
283 1597 317 1639 se
336 1573 426 1639 foliis
444 1597 483 1637 ac
503 1573 675 1638 frondibus
694 1570 910 1638 involuentes.

193 1681 266 1743 Nee
287 1678 446 1763 plangore
469 1677 551 1741 diem
575 1697 692 1761 magno
714 1676 878 1761 solemque
898 1697 958 1758 per
976 1697 1075 1761 agros

130 1782 337 1864 Quaerebant
355 1779 501 1863 pavidei,
523 1779 668 1863 palantes
692 1778 797 1843 noctis
819 1778 853 1841 in
874 1777 1017 1843 umbris:

129 1885 194 1948 Sed
214 1882 325 1947 tacitei
346 1886 571 1967 respectabant
588 1904 767 1967 somnoque
790 1880 942 1965 sepultei,

129 1987 215 2051 Dum
236 2007 332 2050 rosea
354 1985 426 2048 face
448 1985 498 2049 sol
519 1984 655 2048 inferret
676 1984 794 2048 lumina
816 1984 921 2050 caelo.

129 2089 162 2152 A
184 2087 295 2171 parvis
317 2090 407 2173 quod
428 2086 510 2150 enim
534 2071 738 2151 consuerant
753 2109 885 2151 eernere
909 2109 1036 2170 semper

76 2242 79 2246 .
129 2190 268 2254 Alterno
288 2192 437 2253 tenebras
460 2200 492 2253 et
511 2189 615 2252 lucem
634 2200 781 2272 tempore
804 2188 913 2274 gigni,

136 2294 215 2356 Non
237 2302 322 2368 erat,
345 2303 378 2354 ut
401 2291 473 2355 fieri
493 2302 604 2374 posset
625 2291 773 2355 mirarier
794 2314 932 2377 unquam

131 2396 203 2458 Nee
227 2393 387 2471 diffidere,
411 2416 449 2457 ue
469 2406 572 2458 terras
592 2405 720 2458 aeterna
740 2406 866 2459 teneret

131 2498 211 2560 Nox
232 2495 264 2560 in
287 2507 476 2579 perpetuum
501 2500 646 2561 detracto
670 2496 787 2560 lumine
808 2496 900 2561 solis.

132 2599 196 2662 Sed
219 2597 322 2683 magis
343 2597 423 2661 illud
446 2609 515 2662 erat
538 2620 650 2674 curae,
674 2602 763 2685 quod
786 2599 870 2663 secla
892 2600 1032 2665 ferarum

131 2700 285 2764 Infestam
311 2699 435 2763 miseris
458 2699 621 2764 faciebant
644 2723 740 2784 saepe
760 2701 917 2789 quietem;

131 2802 323 2887 Eieeteique
346 2806 443 2866 domo
465 2802 635 2888 fugiebant
657 2825 752 2867 saxea
774 2806 871 2868 tecta

132 2903 318 2990 Spumigeri
341 2905 405 2969 suis
418 2908 566 2980 adventu
590 2902 751 2993 validique
771 2907 892 2986 leonis3

186 3085 245 3135 965.
267 3088 303 3132 lta
317 3089 411 3143 Codd.‚
430 3089 503 3133 etiam
518 3089 547 3134 C.
565 3090 595 3134 Ε.
611 3091 680 3136 lirin.
697 3091 741 3136 Av.
760 3091 790 3136 ll.
815 3090 1029 3155 ronflactabautur
1041 3094 1101 3139 Ver.
1113 3095 1176 3139 Ven.
1192 3096 1253 3140 unde

131 3158 175 3203 W.
189 3159 255 3202 dedit
269 3157 480 3222 conflictabantur
492 3165 557 3204 recte
571 3161 681 3204 desertus
694 3161 724 3204 ab
736 3161 830 3207 Eichst.
870 3159 928 3208 968.
948 3162 1077 3207 silvestria
1091 3162 1167 3210 codd.
1182 3165 1251 3208 Bria.

130 3228 178 3273 At.
189 3227 265 3272 P.·ll.
280 3228 297 3272 i.
314 3242 336 3272 e.
347 3227 467 3285 agrestia,
487 3229 587 3273 rustica.
608 3230 693 3274 Horat.
704 3231 735 3274 Α.
746 3231 776 3275 Ρ.
790 3228 849 3277 390.
869 3232 998 3276 silvestres
1010 3231 1133 3279 homines.
1145 3234 1209 3282 Plin.
1222 3235 1252 3278 ll.

131 3296 163 3342 ll.
177 3293 208 3351 7,
223 3294 248 3341 2.
268 3297 341 3357 regio
359 3303 411 3352 eat,
431 3311 494 3356 qaae
507 3304 609 3342 vocatur
618 3299 768 3355 Abarimon,
788 3300 815 3344 in
828 3314 876 3359 qao
888 3301 1017 3351 siluestres
1032 3303 1115 3348 tierent
1128 3301 1254 3350 dominer.

132 3391 166 3402 -
184 3366 344 3412 ailraatribar
360 3369 420 3411 Ver.
431 3369 495 3414 Vsu.
506 3368 549 3413 W.
565 3369 658 3414 Eichst.
675 3370 718 3413 sed
734 3383 817 3424 parum
833 3371 910 3424 placet
928 3372 1015 3427 duplex
1030 3373 1094 3418 istud
1114 3387 1188 3418 auum
1203 3375 1254 3429 epi·

131 3437 223 3481 theton.
283 3433 342 3482 969.
362 3435 430 3481 nuda
445 3435 539 3482 dabant
556 3438 586 3484 L.
601 3439 632 3485 fl.
695 3435 754 3484 971.
775 3440 912 3484 Stoicorum
929 3441 975 3485 ista
996 3443 1078 3497 opinio
1095 3442 1156 3498 fuit,
1183 3457 1254 3502 quam

131 3510 253 3564 oppugnat
270 3505 406 3551 Lucretius.
426 3507 472 3552 alr.
493 3508 578 3552 Manil.
594 3505 626 3562 1,
646 3506 687 3554 66.
706 3506 785 3554 Rutu
800 3509 850 3554 rita
865 3535 875 3546 -
889 3535 899 3546 ·
914 3523 1017 3569 operum
1036 3513 1135 3558 ratione
1151 3513 1255 3558 carebat

131 3573 165 3620 Et
181 3571 324 3634 utapesaeta
340 3589 400 3620 noro
415 3575 542 3634 pendebat
558 3578 653 3621 lamina
672 3577 778 3624 mandi:
808 3578 873 3623 Tum
896 3581 961 3625 velut
986 3582 1092 3627 amieria
1119 3596 1252 3638 maerens,

131 3651 184 3690 tam
208 3646 277 3690 laeta
304 3647 404 3690 renati«
430 3646 569 3691 aideribaa.
631 3645 690 3693 977.
719 3648 834 3704 Explica:
866 3649 940 3704 „Non
957 3655 1023 3706 erat,
1053 3657 1079 3697 ut
1100 3650 1154 3698 fieri
1172 3657 1256 3709 posset

132 3715 180 3772 (=
194 3712 247 3761 lieri
261 3713 440 3771 nonpoterat)‚
463 3721 488 3761 ut
504 3718 652 3762 mirarentur
667 3731 770 3774 unquam
787 3719 825 3763 vel
844 3717 979 3766 diffiderent
995 3722 1059 3766 eet.''
1114 3718 1173 3768 983.
1193 3723 1254 3767 aeti·

131 3785 251 3851 geriCd.
271 3798 340 3829 meus
358 3785 388 3830 (ἶ.
410 3785 440 3830 L.
464 3787 493 3831 H.
516 3798 545 3831 er
568 3799 591 3830 v.
615 3784 673 3833 968.
736 3785 794 3833 987.
818 3789 927 3834 labantis
945 3791 973 3835 de
991 3790 1081 3837 Mureti
1097 3794 1160 3838 coni.
1177 3792 1206 3837 L.
1221 3793 1252 3838 ll.

134 3852 196 3900 991.
216 3854 307 3899 Ennius
318 3867 342 3910 p.
359 3851 418 3899 141.
437 3855 533 3903 llessel.
554 3853 666 3901 Volturia
682 3856 709 3900 v'n
727 3858 800 3901 silvia
816 3858 937 3903 misarum
955 3859 1090 3906 mandabat
1104 3859 1254 3918 dromonem

131 3921 188 3968 Heu
203 3937 277 3982 quam
295 3922 395 3968 crudeli
412 3923 533 3970 condebat
547 3926 659 3970 membra
677 3927 810 3985 repulere!
827 3929 928 3984 Dionys.
948 3929 1026 3990 Loug.
1045 3928 1069 3976 3.
1086 3945 1109 3986 ρ.
1129 3929 1153 3978 9.
1171 3933 1252 3987 Toup.

131 3989 227 4060 ταύτῃ
244 3991 296 4042 καὶ
313 3987 351 4042 τὰ
369 3993 424 4043 τοῦ
441 3991 601 4045 Λεοντίνου
618 3994 746 4066 Γοργίου
765 3992 886 4061 patara.
902 3992 1048 4070 ,,Ξε’ρξης,
1066 3992 1084 4052 ὁ
1103 3998 1162 4051 τῶν
1176 4000 1255 4072 Περ-

132 4057 194 4112 σῶν
206 4059 309 4122 Ζεύς’
326 4061 378 4112 καὶ
395 4058 508 4128 ..Γύπες
519 4056 784 4129 ἔμψυχοιτάφοι.”
803 4069 858 4125 quin
869 4070 982 4114 audactus
993 4072 1065 4115 ettam
1073 4071 1162 4128 apput.
1172 4069 1197 4126 t,
1210 4069 1252 4118 72.

132 4133 198 4178 ieras
216 4132 334 4187 appellat:
353 4145 480 4193 generosa
497 4133 545 4179 ttta
562 4132 739 4181 &armerum
755 4138 866 4196 capitum
875 4135 985 4198 funera.
1043 4138 1101 4188 995.
1117 4141 1256 4200 privarant

133 4215 188 4250 eam
204 4201 264 4248 Cdd.
279 4201 361 4258 (etiam
372 4202 401 4248 G.
412 4202 455 4259 Ε.)
468 4202 615 4251 mutu.
633 4204 866 4264 Plutonampertarti
882 4210 949 4255 notio
964 4210 988 4254 in
1005 4223 1034 4255 eo
1050 4212 1171 4268 cernitur,
1191 4214 1254 4270 quod

132 4273 240 4319 vermina
255 4269 401 4336 (τέτανος,
420 4268 594 4335 larampffiafir
614 4271 792 4339 ladmen),
821 4293 864 4326 eos
884 4277 932 4326 aa
947 4279 1099 4340 privarant,
1127 4288 1255 4343 antequam
