2782 4762
175 155 235 217 175

173 313 318 396 langor,
343 312 477 389 Paulle,
501 308 629 375 tuo'sic
652 311 829 376 discessura
842 312 979 396 leubili:

236 415 275 477 In
297 413 401 495 lapide
423 415 487 477 hoc
509 413 563 476 uni
585 425 683 496 nupta
709 415 807 480 luisse
830 416 934 501 legar.

174 517 295 579 Testor
316 515 473 579 maiorum
495 515 617 579 cineres
641 516 720 591 tibi,
746 519 870 594 Roma,
897 521 1073 596 verendos,

86 610 100 617 ”
237 620 304 680 Sub
330 638 467 701 quorum
492 616 610 692 titulis,
635 617 767 695 Africa,
793 630 887 683 tonsa
908 620 1016 696 iaces,

173 722 217 784 Et
246 723 370 784 Persen
391 718 509 801 proavi
534 719 731 782 simulantem
754 734 868 801 peetus
893 722 1052 799 Achillis,

236 821 365 906 Quique
387 833 457 884 tuas
477 843 618 903 proavus
643 821 761 906 fregit,
785 824 933 900 Achille,
959 827 1090 902 domos,

173 926 233 988 Me
255 944 358 1009 neque
378 944 530 987 censurae
555 924 657 1006 lege'm
679 924 822 987 mollisse
847 947 906 989 nec
929 927 992 988 nlla

236 1029 329 1089 Labe
353 1047 420 1088 mea
442 1035 571 1089 vestros
598 1026 761 1089 erubuisse
785 1026 894 1090 locos.

172 1131 250 1193 Non
273 1127 333 1191 suit
355 1127 478 1190 exrrviis
505 1126 598 1189 tantis
625 1126 779 1191 Cornelia
801 1131 965 1207 damnum,

237 1229 321 1310 Quin
345 1240 415 1292 erat
436 1240 468 1291 et
492 1249 623 1312 maguae
645 1250 719 1311 pars
744 1229 896 1293 imitanda
919 1235 1046 1296 domus.

174 1333 244 1396 Nec
264 1352 333 1394 men
357 1342 473 1393 mutata
496 1341 544 1391 est
566 1339 669 1404 aetas;
692 1330 758 1393 siue
777 1330 908 1417 crimine
931 1343 999 1396 tota
1023 1344 1098 1397 est:

236 1433 387 1497 Viximus
410 1433 551 1515 insigues
572 1433 654 1495 iuter
677 1443 844 1516 utramque
864 1434 982 1498 facem.

175 1537 227 1599 Mi
250 1546 361 1598 natura
386 1533 472 1597 dedit
493 1535 581 1616 leges
604 1555 621 1595 a
646 1533 799 1618 sanguine
823 1537 954 1610 ductes,

125 1635 127 1639 ⁴
237 1641 288 1701 Ne
309 1657 437 1720 possem
460 1636 574 1699 melior
595 1635 710 1698 iudicis
734 1657 804 1699 esse
828 1646 925 1700 metu.

175 1739 345 1820 Quaelibet
367 1749 509 1800 austeras
534 1740 572 1800 de
599 1758 648 1799 me
671 1737 755 1799 ferat
776 1759 854 1800 urna
880 1738 1031 1812 tabellas3

241 1840 386 1922 Turpior
411 1838 535 1902 assessu
562 1859 625 1902 non
648 1838 709 1901 erit
730 1839 793 1901 ulla
816 1860 901 1902 meo.

176 1943 243 2008 Vel
264 1954 315 2018 tn,
343 1962 423 2024 quae
443 1942 563 2002 tardam
587 1938 717 2002 movisti
737 1939 813 2002 fune
838 1938 1014 2027 Cybeben,

238 2043 391 2118 Claudia,
414 2041 547 2106 turritae
574 2061 647 2104 rara
668 2039 812 2103 ministra
832 2043 925 2104 deae:
1167 2122 1169 2126 Ι

173 2147 240 2209 Vel
260 2144 330 2221 cui,
356 2143 544 2207 commissos
568 2161 665 2225 quom
686 2141 791 2203 Vesta
811 2154 998 2223 reposceret
1019 2143 1123 2228 ignes,
1188 2162 1191 2170 ·

238 2233 396 2309 Exhibuit
416 2244 509 2307 vivos
535 2244 687 2305 carbasus
711 2242 783 2303 alba
808 2242 915 2306 socos.

175 2349 320 2421 Necte,
344 2346 435 2408 dulce
458 2355 570 2426 caput,
596 2353 696 2407 mater
719 2342 907 2419 Scribonia,
931 2344 1028 2409 laesi:
1254 2351 1295 2414 55

238 2449 277 2511 In
296 2468 345 2510 me
369 2455 521 2509 mutatum
544 2442 619 2527 quid
642 2443 702 2506 nisi
723 2444 789 2507 fata
811 2442 916 2507 velis?

244 2628 288 2676 35.
307 2630 376 2674 Libri
399 2628 493 2686 qnidam
509 2641 565 2671 cum
589 2625 737 2672 discessuro
755 2627 793 2670 vel
814 2625 1031 2683 condiscerent«,
1061 2631 1121 2675 nude
1144 2631 1248 2676 Puccins
1272 2638 1299 2677 et

175 2699 299 2745 nesebin:
328 2720 352 2731 -
371 2710 422 2741 uon
439 2696 597 2742 discessura.
635 2692 727 2755 3⁶„1n
744 2693 828 2751 lupide
846 2694 913 2741 lroe:
937 2696 995 2741 baec
1013 2698 1049 2744 ait
1065 2699 1138 2742 veluti
1158 2700 1195 2743 sui
1217 2701 1300 2754 sepul·

175 2769 210 2813 eri
232 2769 334 2824 lapidem
352 2768 447 2811 titulum
469 2767 645 2810 demonstraus.
688 2764 795 2808 Blandiri
810 2768 890 2817 potest
908 2766 1011 2810 coniect.
1049 2767 1155 2811 Marcilii
1180 2771 1205 2811 el
1223 2768 1295 2823 Kop-

174 2837 258 2892 piersii
277 2851 290 2880 a
311 2836 410 2880 Lacbm.
431 2835 556 2891 aliqnando
575 2837 686 2887 recepta:
718 2832 746 2875 a'u
762 2831 847 2887 lupide
863 2829 921 2877 tute
944 2833 996 2878 um'.
1045 2835 1092 2879 Sed
1110 2837 1299 2898 praeterluen-

174 2906 233 2950 tiam
258 2919 313 2950 voc.
338 2902 397 2948 buic
421 2903 581 2957 monosyllabi
605 2903 629 2944 in
646 2902 725 2945 medio
753 2901 873 2946 versiculo
897 2903 984 2946 merito
1003 2903 1147 2948 offendimus
1166 2904 1190 2948 in
1207 2916 1246 2949 vr.
1269 2904 1299 2949 ire

124 3019 128 3023 ,
174 2973 260 3031 tepide
286 2975 322 3017 sic
351 2974 413 3016 uude
434 2972 530 3026 positis.
586 2966 627 3014 38.
649 2969 715 3013 iuret
734 2968 801 3013 Saul.
822 2982 834 3013 e
854 2967 880 3014 2.
907 2970 983 3014 Codd.
1038 2968 1296 3020 aususausus.

170 3038 223 3086 ’1.2.
243 3042 376 3086 Constrne:
402 3039 452 3094 „Et
468 3043 546 3083 testor
565 3050 679 3094 proavum
697 3051 791 3091 meum,
820 3037 850 3082 L.
874 3040 1003 3083 Aemilium
1027 3039 1139 3085 Paullum
1156 3041 1298 3085 Macedoni-

116 3147 119 3151 .
175 3123 246 3164 enm,
268 3109 307 3166 qui
323 3108 397 3165 tregit
412 3106 560 3162 (debellavit)
580 3107 673 3150 Persen
691 3111 716 3150 et
734 3108 882 3160 mercedes,
908 3121 922 3150 o
948 3105 1094 3165 nchittes'’;
1114 3108 1297 3165 potiusquam:

175 3178 231 3232 „Et
251 3181 327 3221 testor
344 3178 423 3231 ipsum
441 3177 509 3219 ilium
525 3175 650 3228 Persen„
661 3176 701 3231 qui
721 3175 813 3218 frustra
831 3175 925 3219 animos
945 3181 969 3220 et
984 3176 1098 3221 virtutem
1114 3177 1200 3231 proavi
1213 3177 1298 3222 Achil·

99 3277 100 3280 =
177 3247 208 3290 lie
226 3245 370 3298 simulabat,
398 3244 503 3301 itemque
524 3248 601 3286 testor
619 3255 734 3297 proavum
752 3257 832 3287 meum
850 3243 979 3289 Aemilium
991 3266 1001 3298 ,·
1018 3245 1058 3301 qui
1077 3246 1132 3289 illas
1149 3250 1263 3300 tuorum,
1282 3260 1298 3289 o

175 3314 298 3369 Achilles,
327 3315 473 3372 degenerum
492 3317 607 3367 nepotum
623 3312 707 3366 sedes,
735 3312 916 3367 Macedoniam,
945 3314 970 3356 in
991 3313 1072 3368 popuii
1088 3314 1136 3357 lio.
1155 3317 1300 3368 potestatem

176 3382 294 3442 redegit.”
312 3381 368 3439 (cfr.
393 3377 552 3436 Bellienum.)
572 3381 670 3424 Santeni
689 3381 753 3425 coni.
777 3382 801 3424 in
827 3394 866 3435 pr.
888 3382 935 3425 Ed.
960 3386 1087 3436 receperat
1103 3381 1219 3427 Lesbum:
1240 3381 1298 3438 Te,

175 3450 285 3506 Persen,
315 3451 406 3508 pronai
431 3450 593 3494 simulantem
612 3454 702 3506 pectus
726 3446 862 3504 Aelrr'llle,
900 3448 995 3510 Quique
1020 3456 1078 3494 tune
1092 3463 1188 3507 proces
1210 3446 1301 3510 fregit

176 3518 274 3566 Aclaa‘lle
292 3518 393 3565 domos..
444 3516 487 3563 41.
507 3518 627 3563 metuisse
649 3517 711 3562 God.
732 3531 771 3574 ap.
792 3519 842 3562 Fea
858 3519 888 3562 ad
905 3518 967 3562 lior,
986 3515 1011 3563 2.
1033 3518 1112 3573 Epist.
1136 3517 1169 3574 1,
1191 3516 1251 3565 153.
1267 3540 1298 3551 -

176 3589 272 3634 Rubrii.
295 3590 325 3632 ad
340 3587 428 3632 Vellei.
446 3584 476 3642 2,
497 3585 539 3632 95.
559 3587 608 3640 „ad
623 3598 749 3631 censuram
765 3587 877 3631 aPauilo
896 3588 1024 3632 remissius
1043 3592 1120 3632 actam
1135 3583 1196 3633 tecte
1214 3600 1299 3642 respe-

176 3659 242 3704 xisse
254 3657 373 3702 ridetur.'’
407 3654 513 3715 Egregia
522 3668 580 3700 vero
590 3658 643 3699 arte
656 3667 713 3699 usus
725 3661 791 3699 esset
803 3657 873 3709 poeta
880 3686 887 3709 ,
909 3656 930 3700 si
943 3657 988 3699 boc
999 3656 1038 3699 vel
1054 3655 1185 3701 lectissime
1208 3655 1301 3715 signifi·

177 3727 272 3772 cassat!
327 3723 370 3770 ld.
388 3725 485 3782 poesim
504 3724 581 3768 Codd.
603 3725 773 3780 plerorumque
791 3723 918 3768 tectionem
943 3725 1049 3769 defendit
1066 3723 1172 3769 lluseblt.
1195 3727 1224 3769 ad
1240 3724 1299 3769 Tib.
1339 3765 1342 3771 .

178 3793 203 3850 2,
224 3793 249 3850 le,
270 3793 311 3841 17.
332 3795 423 3839 Contra
435 3805 539 3851 possem
557 3805 585 3836 ex
600 3792 676 3836 Codd.
693 3791 792 3836 Lachru.
810 3791 858 3836 lac.
881 3793 965 3838 Recte.
1014 3789 1057 3839 49.
1075 3791 1217 3853 Quamlibet
1233 3793 1300 3837 ltaii.

177 3864 277 3909 Livinei.
303 3865 414 3922 Vulgus
449 3860 492 3907 50.
518 3874 628 3905 neeeneu
654 3860 730 3904 Codd.
752 3860 870 3916 plerique.
920 3859 962 3905 52.
983 3860 1083 3905 Claudia
1104 3861 1208 3918 Quinta,
1227 3861 1300 3917 Appii

178 3931 330 3986 Caecilius,
350 3931 456 3976 Vestalis
473 3931 558 3988 virgo,
578 3931 608 3975 de
626 3933 710 3983 stupro
732 3934 843 3984 suspecta
861 3942 954 3983 narem,
969 3929 993 3974 in
1015 3934 1069 3987 qua'
1081 3929 1171 3985 Cybele
1187 3943 1203 3974 a
1216 3929 1300 3975 Penei·

177 4004 266 4054 cunta,
284 4000 405 4058 Pbrygiae
422 3999 496 4052 urbe,
515 3999 617 4042 Romam
634 3999 734 4042 adducta
753 4002 805 4042 erat
825 3998 860 4052 (u.
880 4012 902 4042 e.
925 3994 1009 4052 tle),
1029 4011 1102 4055 quum
1124 4000 1221 4045 sederet
1238 4000 1300 4043 vado

178 4069 283 4122 limoso,
304 4069 399 4126 cingulo
421 4068 527 4112 adhibito
549 4067 631 4111 traxit.
645 4065 700 4111 Lir.
718 4063 769 4120 29,
790 4062 834 4109 ll.
871 4065 943 4112 otia.
962 4067 1030 4111 Fast.
1051 4064 1081 4121 le,
1103 4064 1162 4112 ³07.
1182 4068 1228 4113 sit.
1242 4067 1298 4112 ital.

180 4134 232 4190 tt,
252 4133 295 4182 10.
351 4132 393 4181 53.
412 4137 503 4180 Fabula
524 4137 552 4180 de
575 4134 678 4180 Aemilia
697 4134 774 4190 (euius
796 4148 867 4192 quum
891 4136 1003 4180 socordia
1020 4137 1110 4182 Vestae
1127 4136 1191 4195 iguis
1210 4135 1302 4180 eutiu-

179 4211 230 4267 etus
246 4209 324 4260 esset,
344 4205 407 4250 inter
424 4218 508 4261 preces
530 4194 656 4250 carbasini
677 4207 742 4248 veste
762 4203 843 4250 forulo
862 4205 973 4260 imposita
988 4204 1051 4263 iguis
1070 4205 1151 4250 subito
1171 4204 1299 4252 emicuisse
