2782 4762
133 349 246 432 Quare
263 346 357 413 etiam
377 348 469 411 sedes
486 364 618 433 quoque
638 342 759 409 nostris
777 340 906 408 sedibus
926 364 994 408 esse

131 449 315 518 Dissimiles
337 450 470 527 debent,
491 459 619 527 tenues,
642 450 681 513 de
704 467 847 531 corpore
871 465 998 511 eorum.

132 554 226 637 Quae
241 551 304 617 tibi
323 549 485 636 posterius
503 550 599 636 largo
622 571 770 616 sermone
793 549 960 633 probabo.

197 653 317 721 Dicere
334 675 458 737 porro,
479 652 644 719 homiuum
664 674 776 718 caussa
797 648 937 718 voluisse
958 672 1075 738 parare

130 759 339 825 Praeclaram
358 755 466 821 mundi
484 767 628 821 naturam
648 767 889 841 proptereaque

131 858 339 927 Allaudabile
361 881 442 943 opus
465 859 576 924 divdm
599 860 729 923 laudare
752 861 867 922 decere

130 966 373 1049 Aeternumque
391 974 505 1046 putare
526 974 621 1048 atque
643 961 824 1026 immortale
843 960 985 1024 futurum

131 1067 206 1131 Nec
225 1065 275 1130 las
296 1086 384 1144 esse,
408 1068 499 1130 dedm
519 1067 609 1150 quod
630 1063 671 1128 sit
690 1063 817 1129 ratione
835 1073 960 1128 vetusta

131 1168 293 1233 Gentibus
313 1166 457 1232 humanis
475 1168 641 1232 fundatum
661 1177 820 1249 perpetuo
841 1182 943 1242 aevo,

132 1270 321 1336 Sollicitare
339 1269 404 1334 suis
426 1270 489 1334 ulla
512 1269 544 1335 vi
566 1292 608 1334 ex
630 1268 759 1334 sedibus
782 1291 920 1356 unquam

130 1375 206 1439 Nee
227 1371 337 1437 verbis
360 1395 479 1438 vexare
501 1385 533 1437 et
555 1376 595 1436 ab
620 1371 686 1437 imo
710 1384 862 1437 avortere
884 1393 1022 1448 summa,

132 1474 252 1542 Cetera
275 1479 314 1541 de
336 1496 453 1561 genere
474 1478 540 1541 hoc
562 1477 714 1561 affingere
736 1486 768 1540 et
789 1478 927 1550 addere,
950 1471 1106 1551 Memmi,

129 1577 340 1662 Desiperest:
366 1576 445 1664 quid
467 1577 550 1642 enim
572 1577 808 1644 immortalibus
830 1589 926 1665 atque
947 1576 1050 1642 beatis

133 1681 249 1746 Gratia
265 1693 377 1745 nostra
395 1692 491 1768 queat
509 1681 662 1766 largirier
684 1681 906 1756 emolumenti,

132 1785 178 1850 Ut
200 1795 312 1848 nostra
336 1783 509 1871 quidquam
533 1806 643 1848 caussa
667 1806 781 1870 gerere
803 1781 1058 1868 aggrediantur?

132 1886 264 1968 Quidve
285 1886 366 1952 novi
386 1887 494 1971 potuit
515 1897 606 1952 tanto
628 1898 705 1970 post
725 1897 799 1950 ante
821 1884 951 1972 quietos

132 1989 278 2066 Illicere,
301 2000 335 2053 ut
357 2001 511 2073 cuperent
533 1989 632 2054 vitam
655 2000 777 2053 mutare
798 1986 968 2073 priorem?

131 2094 216 2157 Nam
240 2096 380 2178 gaudere
402 2092 498 2158 novis
520 2095 618 2156 rebus
641 2095 758 2157 debere
781 2090 927 2168 videtur,

132 2195 224 2277 Quoi
245 2207 372 2259 veteres
394 2199 531 2269 obsunt;
554 2199 628 2272 sed,
652 2195 731 2281 quoi
754 2192 836 2257 nihil
854 2193 972 2262 accidit
994 2193 1085 2280 aegri

133 2301 299 2381 Tempore
320 2296 354 2362 in
376 2309 447 2362 ante
471 2310 563 2376 acto,
588 2320 687 2384 quom
708 2298 821 2381 pulcre
843 2301 977 2384 degeret
995 2320 1126 2375 aevom,

132 2401 221 2482 Quid
241 2399 350 2485 potuit
369 2400 526 2465 novitatis
548 2422 690 2466 amorem
714 2404 889 2465 accendere
911 2400 994 2464 tali?

131 2506 203 2580 An,
228 2507 344 2580 credo,
367 2502 563 2568 intenebris
586 2503 651 2567 vita
674 2526 711 2567 ac
734 2525 880 2568 maerore
901 2503 1043 2581 iacebat,

131 2608 250 2673 Donec
271 2604 387 2670 diluxit
405 2629 513 2670 rerum
535 2605 682 2692 genitalis
705 2606 830 2692 origo?

133 2710 261 2791 Quidve
283 2707 358 2772 mali
379 2708 485 2773 fuerat
506 2709 602 2774 nobis
624 2730 689 2773 non
711 2731 779 2775 esse
803 2708 947 2774 creatis?

132 2814 237 2876 Natus
258 2811 341 2876 enim
364 2814 474 2888 debet,
499 2811 719 2897 quiquumque
741 2823 804 2888 est,
829 2812 912 2877 velle
935 2834 1063 2878 manere

130 2915 172 2979 In
194 2913 277 2990 vita,
301 2918 404 2979 donec
425 2913 577 2978 retinebit
598 2915 716 2977 blanda
738 2915 909 2998 voluptas:

132 3015 199 3098 Qui
220 3038 379 3103 nunquam
402 3039 482 3081 vero
505 3016 590 3082 vitae
614 3017 756 3103 gustavit
778 3040 920 3083 amorem

132 3119 287 3185 Neefuit
308 3119 513 3198 innumero,
537 3119 615 3206 quid
637 3122 729 3184 obest
751 3142 816 3185 non
842 3144 910 3186 esse
934 3122 1098 3187 creatum?

194 3223 388 3306 Exemplum
408 3245 513 3307 porro
536 3222 711 3308 gignundis
732 3227 829 3288 rebus
852 3237 883 3289 et
905 3225 976 3309 ipsa

132 3312 274 3392 Notities
291 3325 455 3390 hominum
477 3329 526 3390 dis
552 3330 634 3391 unde
656 3338 703 3390 est
728 3326 822 3391 insita
843 3327 999 3411 primum,

133 3429 221 3512 Quid
243 3429 362 3493 vellent
384 3430 509 3506 facere,
533 3441 567 3492 ut
589 3429 709 3494 scirent
732 3429 902 3516 animoque
923 3431 1093 3496 viderent?

134 3657 193 3708 159.
213 3658 521 3707 lascurrensem.
548 3658 736 3714 (adlaudabile
754 3661 816 3707 Edd.
836 3658 908 3719 vett.)
932 3659 963 3706 ld
978 3661 1106 3707 laudabile
1130 3676 1183 3707 eum
1207 3665 1256 3707 alio

122 3731 178 3777 -cd
188 3731 356 3776 habentetiam
364 3729 393 3775 C.
402 3730 432 3776 E.
472 3726 531 3775 161.
545 3728 654 3790 sumena]
668 3731 704 3775 lta
714 3731 769 3777 libri
778 3767 785 3792 ‚
795 3732 904 3777 etiamC.
912 3732 960 3789 E.;
976 3733 1017 3777 W.
1026 3745 1152 3788 perperam
1158 3731 1257 3778 eurnmli

131 3802 245 3857 scripsit,
265 3801 387 3856 explicans
400 3800 427 3844 in
439 3795 555 3853 sammd5
574 3802 614 3845 sed
635 3806 671 3846 est
689 3807 798 3847 neutrum
817 3803 919 3857 plurale.
933 3821 966 3834 -
979 3814 1103 3845 rumenam
1121 3803 1182 3848 Cod.
1198 3806 1254 3852 Vat.

130 3884 171 3927 ap.
184 3871 216 3916 L.
229 3871 288 3915 ilar.
305 3892 334 3903 -
341 3867 426 3928 fundo
438 3870 467 3914 L.
482 3883 622 3927 —peeeam
632 3871 712 3916 Benti.
752 3870 811 3916 168.
825 3869 1008 3932 adgrediuntur
1019 3870 1149 3918 Eddvett.
1158 3873 1202 3918 dv.
1212 3875 1254 3919 W.

131 3943 203 3987 nimis
218 3941 328 3996 proiecto
339 3941 465 3999 religiose.
485 3940 558 3985 Recte
572 3940 600 3985 C.
615 3941 645 3984 E.
656 3973 662 3996 ,
678 3947 703 3985 ut
715 3956 768 3986 nos.
808 3940 867 3986 181.
887 3941 915 3984 in
926 3953 1029 3984 numero
1046 3941 1116 3986 etiam
1125 3943 1153 3989 C.
1162 3944 1193 3988 E.
1202 3944 1225 3989 h.
1237 3948 1253 3988 l.

130 4012 185 4057 seit.
197 4011 343 4068 viventium3
363 4013 404 4056 sed
422 4011 499 4070 magis
518 4011 644 4066 absolute,
665 4004 775 4069 quamsi
794 4010 911 4056 eiusmodi
930 4010 984 4066 quid
1000 4011 1141 4069 adiecisset,
1162 4019 1188 4058 ut
1204 4016 1255 4059 tere

130 4081 219 4127 Graeci
238 4077 270 4130 ἐν
289 4074 406 4149 ἀριθμῷ
418 4076 504 4131 εἶναι·
520 4081 654 4136 Perperern
673 4081 733 4126 cdd.
750 4082 807 4140 aliq.
822 4082 850 4125 in
862 4078 963 4125 mundo.
1011 4077 1070 4126 183.
1091 4083 1127 4127 lta
1140 4083 1216 4128 Codd.
1230 4080 1254 4132 3.

130 4150 240 4197 divisum
253 4150 364 4198 deestE.
384 4152 445 4201 Edd.
463 4156 520 4197 vett.
543 4151 597 4197 bino
615 4153 660 4198 Ar.
671 4153 787 4199 -llav.:
807 4149 873 4198 diris
894 4147 958 4196 unda
978 4149 1067 4198 insita.
1089 4176 1122 4188 -
1140 4153 1206 4202 dieis
1218 4158 1257 4199 est

131 4221 212 4268 insita
232 4221 260 4270 C.
1217 4234 1220 4240 ·
