2782 4762
160 205 221 269 186

225 366 353 431 Sistrai'
376 367 453 452 quid
474 365 506 429 in
533 386 636 428 vacuo
659 365 842 428 secubuisse
866 360 966 424 toro?

161 471 268 550 Quom
290 469 418 552 rapiunt
440 467 522 531 mala
543 468 610 530 sata
634 468 758 541 bonos,
782 463 955 549 (ignoscite
977 463 1102 540 fasma)

226 553 396 637 Sollicitor
417 571 520 633 nullos
546 590 616 632 csso
638 581 751 651 putare
775 570 868 631 deos.

162 673 250 740 Vive
272 674 363 756 pins,
389 673 527 737 moriere
550 672 646 754 pius:
676 671 747 735 cole
769 690 880 747 sacra,
906 669 1063 733 colentem

224 778 323 840 Mors
347 776 456 862 gravis
480 774 646 856 atemplis
669 774 699 836 in
723 795 800 836 cava
824 776 915 836 busta
939 774 1056 836 trahet.

162 877 366 944 Carminibus
388 877 514 941 confide
536 879 647 941 bonis:
675 877 757 938 iacet
780 896 855 939 ecce
878 873 1046 949 Tibullu's3

226 981 295 1044 Vix
318 992 461 1043 manete
486 991 574 1042 tanto
597 1000 696 1061 parva
714 981 808 1061 >quod
829 999 908 1043 urna
932 977 1030 1059 capit.

163 1085 274 1157 Tene,
299 1102 390 1144 sacer
414 1093 521 1154 vates,
547 1083 690 1144 flammae
712 1101 848 1163 rapuere
869 1080 1026 1163 rogales,

225 1185 421 1249 Pectoribus
441 1183 530 1266 pasci
552 1205 611 1246 nec
632 1183 764 1247 timuere
787 1181 874 1247 tuis?

161 1288 272 1352 Aurea
295 1298 477 1349 sanctorum
501 1285 682 1368 potuissent
703 1285 821 1367 templa
844 1289 977 1349 deorum

226 1391 351 1465 Urere,
377 1409 459 1472 quae
484 1400 605 1450 tantum
629 1388 806 1451 sustinuere
830 1389 937 1453 nefas!
972 1404 974 1408 “

163 1486 297 1561 Avertit
319 1492 447 1567 voltus,
472 1490 589 1570 Erycis
613 1511 694 1574 quae
716 1491 858 1573 possidet
882 1513 995 1555 arces:

228 1595 309 1659 Sttnt
331 1614 478 1677 quoque,
504 1593 559 1676 qui
580 1593 726 1656 lacrimas
748 1593 943 1657 continuisse
967 1604 1098 1678 negent.

164 1698 228 1763 Sed
249 1708 353 1759 tamen
374 1699 439 1762 lroc
461 1696 593 1772 melius,
620 1718 712 1780 quam
737 1695 765 1758 si
788 1697 943 1760 Phaeacia
968 1696 1063 1759 tellus

228 1799 379 1883 Ignotum
403 1800 458 1862 vili
480 1798 701 1880 supposuisset
724 1800 832 1862 htrtrto.
1142 1790 1145 1794 ’

164 1901 251 1965 Hinc
273 1913 359 1964 certe
382 1900 524 1964 madidos
546 1901 696 1984 fugientis
717 1900 834 1982 pressit
856 1901 979 1965 ocellos

227 2004 337 2066 Mater
360 2003 445 2066 etin
467 2002 591 2066 cineres
613 2003 722 2065 ultima
745 2005 828 2065 dona
851 2003 941 2076 tulit;

163 2104 251 2168 Hinc
273 2127 370 2169 soror
391 2106 423 2168 in
445 2118 567 2187 partem
591 2105 704 2168 misera
729 2122 800 2167 cutn
824 2116 923 2167 matre
946 2098 1069 2169 doloris

226 2208 328 2270 Venit
349 2207 511 2271 inornatas
534 2207 679 2270 dilaniata
703 2228 823 2270 comas.

166 2308 311 2393 Cumque
335 2311 395 2372 tuis
418 2331 472 2371 sua
495 2310 665 2371 iunxerunt
689 2309 899 2394 Nemesisque
921 2310 1079 2394 priorque

229 2412 348 2476 Oscula
371 2433 429 2475 neo
451 2412 539 2476 solos
563 2411 736 2474 destituere
759 2433 874 2495 rogos.

164 2513 258 2577 Delia
282 2513 466 2589 discedens,
491 2513 669 2589 „Felicius,
695 2513 813 2594 iuquit,
840 2527 939 2577 amata
1247 2520 1289 2582 55

231 2617 305 2678 Sum
328 2616 406 2680 tihi:
433 2616 555 2694 vixisti,
581 2619 653 2679 dum
677 2628 749 2679 tuus
772 2616 855 2700 ignis
878 2618 999 2680 eram.”

167 2715 417 2793 (titillamenta,
443 2719 571 2799 „Quid,
597 2718 661 2794 ait,
686 2717 745 2781 tibi
766 2731 838 2782 satiat
861 2742 927 2782 unca
951 2723 1062 2783 danma
1086 2721 1218 2786 dolori?

228 2823 287 2886 Me
310 2822 411 2884 tenuit
433 2821 573 2885 moriens
594 2821 759 2884 deliciante
784 2822 913 2884 inanu.’'

235 3041 277 3088 33.
297 3057 338 3088 oon
363 3043 490 3104 Aegyptia
519 3045 580 3090 Cod.
608 3043 631 3090 1.
657 3047 773 3101 probante
797 3046 914 3100 Barthio,
947 3048 984 3090 eui
1006 3047 1062 3090 talia
1090 3046 1177 3104 ubique
1199 3049 1222 3092 in
1248 3049 1289 3092 de·

164 3115 227 3160 liciis
247 3119 324 3157 erant.
345 3137 378 3146 -
397 3115 510 3157 Ceterum
529 3118 684 3184 σεῖστρον,
713 3129 831 3169 „aereum
853 3117 1035 3170 crepitaculuru,
1068 3118 1136 3160 cuius
1151 3130 1194 3172 per
1212 3130 1289 3176 augu-

165 3188 227 3226 stam
248 3183 360 3226 laminam
379 3183 402 3226 iu
418 3184 514 3226 modum
532 3182 622 3226 balthei
643 3185 804 3238 incurvatam,
825 3187 938 3229 traiectae
948 3187 1040 3229 mediae
1059 3200 1147 3241 paucae
1168 3188 1288 3244 virgulae,

165 3251 285 3306 crispante
316 3251 415 3295 brachio
446 3253 589 3310 trigeminos
611 3254 701 3307 iactus,
727 3254 858 3297 reddebant
889 3260 999 3312 argutum
1024 3255 1165 3300 sonorem.”
1200 3256 1290 3310 Appul.

164 3321 224 3365 Mer.
247 3317 288 3363 11.
309 3333 332 3375 p.
360 3318 419 3366 759.
439 3320 502 3366 Oud.
529 3321 636 3365 Creuzer
658 3321 741 3375 Symh.
764 3320 787 3366 1.
808 3337 831 3378 p.
853 3319 911 3368 515.
933 3347 966 3358 -
985 3323 1108 3382 Significat
1125 3323 1181 3367 Tib.
1205 3322 1233 3378 l,
1257 3322 1288 3373 3,

166 3387 208 3437 23.
263 3386 305 3434 35.
331 3392 434 3448 rapiunt
457 3392 590 3443 meliores,
612 3395 671 3436 teste
695 3392 804 3436 Heinsio.
830 3393 910 3450 Vulgo
929 3395 1052 3447 rapinam
1071 3395 1112 3438 sed
1131 3396 1161 3438 de
1179 3397 1291 3449 ternpore

164 3461 245 3515 potius
264 3472 345 3504 serino
364 3465 416 3516 est;
435 3465 515 3514 „tunc,
535 3474 606 3518 qurum
625 3461 721 3514 rapiunt
736 3465 802 3514 cet,
823 3463 927 3505 adducor
946 3463 1024 3518 quasi,
1048 3469 1072 3506 nt
1093 3464 1157 3506 Deos
1169 3476 1223 3506 esse
1243 3477 1285 3507 ne-

164 3530 246 3588 gcm.’'
311 3525 353 3574 37.
382 3530 502 3574 moriture
530 3530 591 3573 God.
625 3528 648 3573 1.
675 3528 770 3586 (Heius.
797 3532 873 3584 coni.)
908 3531 965 3574 latin
984 3533 1108 3578 distinxit:
1136 3529 1194 3576 Vive
1208 3532 1291 3588 pius:

163 3598 295 3652 moriere,·
311 3598 371 3655 pitis
389 3600 441 3642 cole
460 3613 551 3653 secra,
572 3598 729 3643 colenteul-
741 3612 752 3652 ,·
771 3613 816 3655 qua
836 3605 913 3644 tamen
936 3603 1029 3645 ratione
1055 3603 1117 3656 perit
1140 3601 1291 3646 concinnitas

164 3669 345 3713 membrorum:
367 3667 421 3712 scil,
438 3669 537 3711 alterius
553 3665 650 3716 κώλου
668 3682 705 3712 vv.
727 3669 846 3712 colentem
866 3668 938 3712 lllore
957 3695 966 3705 ·
986 3696 995 3705 -
1014 3668 1098 3715 trnlret
1120 3671 1219 3714 alterius
1239 3672 1290 3714 illis

165 3739 324 3789 respondent:
345 3737 453 3782 moriers
470 3735 601 3794 (quamvis)
617 3737 687 3793 pius.
731 3735 772 3782 10.
793 3753 806 3780 e
825 3744 893 3782 terito
911 3741 1039 3793 opponitur
1058 3754 1080 3783 v.
1098 3752 1199 3799 pnrue;
1218 3753 1289 3794 pror-

165 3819 206 3850 sus
220 3811 245 3850 ut
256 3808 318 3860 apud
336 3808 448 3863 sophoct.
469 3805 511 3850 Et.
533 3803 591 3851 758.
611 3803 643 3853 ἐν
654 3804 763 3874 βραχεῖ
778 3804 875 3872 χαλκῷ
893 3808 1036 3873 μέγιστον
1055 3806 1142 3872 σῶμα
1159 3804 1293 3870 δειλαίας

165 3871 280 3923 σποδοῦ
298 3875 453 3944 φέρουσιν.
489 3877 549 3919 Hinc
565 3876 667 3930 probare
683 3891 729 3920 uon
746 3890 842 3931 possum
859 3879 890 3925 al.
912 3880 966 3922 lect.
986 3892 999 3920 e
1023 3883 1072 3922 toto
1090 3893 1103 3921 a
1125 3878 1209 3921 lahnio
1221 3892 1291 3922 rece·

164 3949 239 4000 ptam.
252 3967 285 3978 -
296 3958 372 3989 curru
385 3959 430 4000 pro
438 3958 520 4002 poree
530 3958 656 4000 perperam
664 3945 724 3989 Cdd.
737 3947 794 4002 aliq.
808 3979 814 3999 ,
829 3949 887 3992 unde
897 3952 973 3990 tamen
985 3948 1068 3991 Heius.
1082 3947 1188 4002 sinapio:
1204 3953 1289 3992 curto.

166 4009 209 4060 46.
231 4018 326 4071 negent
344 4014 431 4068 lehn„
458 4016 495 4071 qui
521 4019 600 4059 tamen
623 4029 645 4059 v.
674 4013 715 4068 18,
736 4017 849 4069 praetulit
872 4021 968 4072 putent,
1024 4013 1065 4060 ⁴9.
1085 4015 1135 4060 Hic
1153 4036 1185 4050 ··
1205 4019 1293 4060 rainut-

164 4081 211 4127 bus
234 4081 310 4125 Godd.
328 4078 386 4140 aliq.
443 4082 485 4127 51.
504 4082 618 4128 dolorum
636 4085 682 4129 Ed.
703 4099 740 4139 pr.
763 4085 820 4128 Tib.
876 4083 917 4130 57.
939 4086 973 4128 lta
993 4084 1068 4128 Codd.
1090 4088 1207 4142 plerique.
1226 4085 1290 4130 Edd.

165 4156 224 4196 vett·
261 4151 346 4207 „Quia
370 4157 392 4195 te
414 4153 499 4196 attinet
526 4154 608 4210 lugere
630 4154 767 4207 ‘l'ilutltum,
801 4155 839 4210 qui
859 4159 880 4198 te
903 4156 1002 4208 relicta,
1040 4155 1098 4198 milri
1118 4156 1156 4199 uni
1179 4159 1291 4199 mortuus

166 4219 243 4266 estl''
258 4221 313 4264 'aiut
331 4233 359 4265 ex
379 4235 425 4264 tino
444 4221 504 4265 Cod.
530 4227 623 4277 recepit
640 4224 724 4267 lleins.
770 4221 836 4284 Quid
853 4223 912 4267 nia?
930 4224 976 4266 tibi
993 4224 1045 4267 sint
1062 4237 1117 4267 inea
1138 4222 1233 4267 demna
1251 4224 1290 4268 lu·

164 4292 234 4348 dori,
260 4291 535 4349 siue'interrogationc,
568 4305 597 4335 ex
616 4292 820 4347 duobusllurm.,
838 4295 927 4338 rustice
952 4293 1020 4338 satis.
1059 4294 1152 4349 (Meam
1170 4294 1291 4339 rationem
