2782 4762
82 400 85 405 ⁴
106 375 154 438 At
176 395 240 438 non
264 390 436 454 squamoso
457 370 607 432 labuntur
633 377 745 430 ventre
768 377 932 441 cerastae,

171 475 253 538 Itala
274 471 433 556 portentis
456 492 515 533 nec
534 470 605 532 fluit
628 472 711 531 unda
733 468 848 533 novis:

108 578 184 640 Non
209 576 261 638 hic
283 575 511 639 Andromedae
533 555 687 634 resonant
708 592 770 653 pro
797 580 898 631 matre
924 579 1072 642 catenae,

173 679 243 740 Nec
264 676 372 739 tremis
395 674 575 748 Ausonias,
599 674 734 737 Phoebe
756 672 886 754 fugate,
911 671 1027 751 dapes:
1191 667 1234 730 30

109 780 181 843 Nec
201 779 348 862 cuiquam
373 779 518 839 absentes
542 785 689 836 arserunt
710 772 741 835 in
764 784 863 854 caput
884 771 993 855 ignes,

173 881 317 944 Exitium
342 891 416 942 nato
444 889 543 940 matre
566 888 715 940 movente
740 896 823 938 suo:

110 983 254 1045 Penthea
277 1002 341 1045 non
364 1001 479 1043 saevae
502 989 660 1043 venantur
686 977 717 1039 in
746 977 864 1040 arbore
891 974 1058 1049 Bacchae;

172 1085 243 1147 Nec
263 1082 361 1146 solvit
388 1070 662 1144 Danaas'sulrdita
689 1100 786 1140 cerva
809 1088 918 1140 rates:

111 1183 245 1247 Cornua
269 1204 328 1246 nec
351 1181 451 1246 valuit
472 1202 609 1243 curvare
633 1181 664 1243 in
691 1180 803 1263 pellice
828 1180 912 1243 Iuno

171 1286 240 1347 Aut
260 1283 372 1365 faciem
395 1282 482 1363 turpi
504 1284 701 1345 dedecorare
724 1283 828 1345 bove:

105 1377 341 1468 ‘Arboreasque
364 1404 476 1446 cruces
500 1382 583 1445 Sinis
605 1394 637 1445 et
658 1403 724 1446 non
746 1383 873 1465 hospita
897 1382 1004 1446 Graiis

173 1489 256 1549 Saxa
279 1498 310 1549 et
332 1498 480 1549 curvatas
502 1483 534 1545 in
557 1504 613 1546 sua
634 1484 700 1546 fata
722 1485 844 1546 trabes.

109 1589 201 1652 Haec
222 1587 299 1663 tibi,
326 1588 440 1661 Tulle,
464 1606 598 1668 parens,
622 1585 701 1646 haec
723 1595 772 1647 est
793 1585 1011 1670 pulcherrima
1033 1590 1145 1663 sedes,

174 1690 239 1752 Hic
260 1687 319 1752 tibi
340 1702 404 1769 pro
427 1687 523 1770 digua
546 1697 641 1770 gente
663 1687 818 1767 petendus
841 1688 968 1761 honos,
1190 1689 1232 1750 40

110 1789 175 1852 Hic
195 1789 255 1852 tihi
277 1791 316 1852 ad
338 1787 502 1870 eloquium
525 1785 632 1861 cives,
655 1785 709 1848 hic
732 1787 834 1868 ampla
848 1797 1009 1869 nepotum

174 1891 254 1971 Spes
276 1902 308 1953 et
331 1901 484 1953 venturae
508 1886 655 1972 coniugis
679 1900 771 1969 aptus
794 1909 897 1952 amor.

378 2075 458 2136 ma.
483 2074 549 2136 av.
574 2074 650 2152 (v.)
692 2073 872 2137 anneta
893 2075 959 2138 xi.

109 2195 246 2271 Desine,
272 2193 405 2268 Paulle,
428 2214 532 2257 meum
555 2193 692 2255 lacrimis
714 2213 838 2277 urgere*
853 2186 1058 2276 sepulcrum

174 2295 334 2361 Panditur
356 2296 395 2356 ad
417 2295 519 2356 nullas
540 2293 635 2356 ianua
657 2293 751 2377 nigra
774 2315 901 2376 preces.

110 2398 216 2477 Quom
239 2396 338 2459 semel
359 2395 502 2457 internas
524 2395 681 2457 intrarunt
701 2395 816 2458 lunera
838 2396 948 2480 leges,

172 2500 249 2562 Non
271 2506 408 2560 exorato
431 2504 515 2558 stant
537 2498 700 2559 adamante
723 2496 806 2559 viae.

109 2677 174 2727 46.τ
211 2677 285 2722 Leria
317 2682 436 2733 crepante
475 2674 581 2735 lympha
613 2675 700 2722 decidit
721 2677 795 2734 pede.
824 2680 939 2735 Propert.
969 2677 1089 2734 mn:
1134 2681 1167 2730 Et
1197 2685 1233 2729 le-

107 2749 172 2793 viter·
188 2745 302 2806 lymphis
325 2751 376 2789 tota
401 2744 584 2801 crepitantibus
611 2745 691 2799 urbe,·
720 2744 751 2802 le,
781 2745 830 2800 lt,
858 2744 901 2793 la:
934 2746 968 2792 Et
994 2749 1064 2794 cadit
1087 2751 1115 2795 in
1129 2754 1234 2809 potator

108 2813 214 2876 lympha
232 2813 331 2859 Aniena
348 2814 430 2858 lacre.
492 2813 605 2858 Ceterum
623 2815 765 2874 intelligitur
780 2816 835 2859 fons
859 2815 980 2860 Iuturnae
1001 2819 1068 2862 iuxta
1085 2819 1231 2876 Numicium,

108 2886 170 2940 apud
189 2897 259 2940 quem
277 2887 338 2926 teste
359 2884 414 2926 Val.
435 2883 501 2926 Max.
524 2881 556 2937 1,
589 2881 614 2927 8.
646 2896 716 2926 suum
735 2897 897 2941 equorumque
916 2885 1020 2939 (Cyllari
1041 2888 1140 2944 Pollux)
1160 2891 1233 2934 sudo·

108 2967 163 2998 rem
186 2952 314 2995 abluerunt
333 2950 448 2994 Castorea
472 2955 527 3005 post
552 2951 679 2995 victoriam
700 2951 730 2994 ab
748 2953 779 2996 A.
798 2952 924 2997 Postumio
951 2954 1068 3002 dictatore
1096 2958 1126 3000 ad
1154 2959 1233 3002 lacum

107 3021 229 3079 Regillum
243 3024 391 3074 reportatam
403 3033 433 3062 ,1.
453 3033 475 3063 c.
497 3015 556 3064 258.
621 3016 663 3064 30.
684 3016 726 3064 31.
747 3020 871 3080 Significat
888 3020 961 3066 Atrei
988 3023 1074 3078 epulas¹
1097 3030 1121 3071 et
1137 3024 1234 3070 Melea·
1314 3045 1323 3053 ’
1369 3068 1377 3089 ,

108 3090 154 3149 gri
171 3089 280 3133 titionem
299 3088 329 3131 ab
342 3088 441 3132 Althaea
455 3088 614 3132 combustum.
652 3084 694 3136 37.
706 3087 861 3135 Arboreaerc
875 3089 974 3134 Lachm.
991 3093 1055 3138 coni.
1071 3093 1133 3138 haud
1149 3107 1233 3140 necas·

106 3158 189 3214 saria3
209 3171 232 3200 r.
246 3157 351 3200 Huschk.
368 3158 398 3199 ad
412 3156 468 3199 Tib.
492 3155 517 3209 2,
539 3153 563 3210 i,
586 3153 626 3202 17.
647 3180 680 3190 -
699 3158 821 3216 Significat
838 3158 913 3203 Sinin
931 3159 1034 3214 piuubus
1053 3163 1159 3207 adductis
1183 3163 1234 3207 via·

108 3233 176 3270 tores
195 3225 339 3283 adligantem
356 3225 488 3281 iisdemque
506 3225 617 3268 remissis
633 3226 779 3272 lacerantem
798 3233 822 3272 et
836 3227 968 3271 Scironem
984 3229 1103 3275 latronem
1121 3232 1232 3287 'hospites

108 3310 123 3339 a
144 3294 249 3348 seopulis
271 3294 397 3348 (Scironiis
412 3295 437 3336 in
453 3292 542 3348 Attica)
560 3294 775 3350 praecipitantem,
796 3301 955 3352 utrumquea
980 3297 1076 3344 Theseo
1103 3300 1231 3346 devictum.

107 3377 131 3406 v.
151 3362 274 3406 Plutarch.
295 3362 368 3407 Thes.
387 3360 428 3406 10.
461 3360 503 3406 ta.
524 3359 571 3418 (ad
586 3363 713 3421 eloquium
730 3377 823 3408 curcua
843 3363 938 3422 quidam
950 3367 1128 3419 ap.Passe1-at.
1145 3387 1179 3404 ι·
1199 3367 1235 3414 aa

107 3445 131 3475 a.
150 3432 193 3474 via
203 3428 263 3488 sert
280 3431 363 3476 licius.
384 3429 418 3474 ed
434 3444 457 3474 e.
478 3432 546 3474 eirea
566 3429 663 3486 Burin.)
683 3429 753 3476 Cinea
775 3434 846 3478 scil.’'
865 3433 904 3489 qui
930 3437 995 3477 tuam
1014 3437 1174 3494 eloquentiam
1189 3428 1236 3480 ad?

108 3500 226 3561 mirentur
244 3513 351 3557 quosque
371 3505 411 3543 tna
428 3499 542 3555 facundia,
557 3501 639 3544 iuvare
658 3502 765 3555 possis.”
783 3503 857 3546 Kuin.

377 3641 379 3645 ·
470 3625 525 3670 ιιι.
545 3627 590 3670 iv.
606 3591 666 3683 ru.)
697 3626 794 3673 enno.
814 3628 861 3674 xi.

179 3711 203 3757 1.
222 3713 339 3756 Maritum
352 3713 486 3769 alloquitur·
507 3712 697 3758 Cornelia'nata
715 3726 744 3756 ex
761 3714 791 3758 Ρ.
813 3713 929 3760 Cornelio
952 3716 1064 3770 Scipione
1092 3715 1180 3760 Nasica
1209 3722 1233 3762 et

107 3777 251 3836 Scribonia,
281 3783 383 3826 secunda
410 3783 510 3839 coniuge
532 3781 633 3840 Augusti
658 3787 782 3838 matreque
807 3784 899 3838 Iuliae,
927 3785 1014 3829 coniux
1039 3785 1118 3829 Paulli
1135 3785 1232 3830 Aemilii

107 3850 208 3906 Lepidi,
228 3848 284 3909 (lilii
302 3851 332 3894 L.
352 3850 448 3894 Aemilii
469 3848 562 3903 Paulli,
583 3851 688 3894 consulis
712 3852 767 3894 anni
795 3848 862 3906 7⁰4,
882 3852 974 3897 -frauis
993 3866 1051 3897 vero
1077 3855 1114 3898 M.
1134 3853 1233 3899 Aemilii

106 3919 190 3974 Lepidi
215 3918 357 3972 triumviri.)
402 3920 438 3964 De
455 3918 542 3962 Paullo
560 3920 663 3964 Aemilio
688 3918 780 3974 Lepido
798 3934 822 3965 v.
841 3921 913 3965 Dion.
940 3919 989 3976 lt,
1018 3919 1042 3966 6.
1064 3919 1105 3978 55,
1127 3909 1232 3968 2.’1111-

107 3988 149 4032 lei.
170 3987 200 4042 2,
223 3987 265 4034 95.
285 3990 351 4032 Suet.
371 3987 434 4046 Aug.
457 3985 498 4032 16.
516 3987 601 4032 Claud.
624 3985 665 4032 16.
685 3988 808 4032 Perizonii
827 3988 954 4034 Animadv.
968 3990 1025 4034 hist.
1040 4004 1064 4045 p.
1081 3988 1140 4036 121.
1161 4005 1231 4050 seqq.

106 4057 164 4100 Fuit
182 4055 275 4102 Consul
290 4057 403 4102 suffectus
423 4070 448 4100 a.
474 4052 533 4101 720.
563 4058 660 4101 ultimus
688 4069 817 4101 censorum
843 4071 897 4101 rum
919 4058 1233 4106 1..1uunati01²1aneoa.

108 4121 168 4168 732.
217 4124 331 4168 Cornelia
349 4131 429 4169 autern
444 4130 590 4170 mortuaest
607 4139 630 4169 a.
653 4121 712 4170 738.
733 4125 911 4184 1111110,’010
927 4127 978 4172 eius
996 4127 1074 4173 frater
1091 4129 1122 4187 P.
1138 4128 1232 4173 Corne·

107 4193 154 4236 lius
174 4192 255 4246 Scipio
271 4195 353 4237 consul
371 4194 426 4238 fuit.
449 4214 478 4225 —
498 4195 597 4250 ,Saepe
613 4194 672 4238 mihi
691 4206 748 4248 prae
771 4194 881 4239 omnibus
899 4196 1000 4254 reliquis
1017 4197 1109 4242 Latinis
1128 4199 1232 4252 poema.

106 4263 137 4304 tia
162 4266 274 4318 quattuor
293 4263 419 4310 ediscenda
440 4263 554 4308 carmina¹
570 4263 745 4311 commendarit
766 4264 960 4321 Valckenarius,
988 4266 1013 4310 iu
1039 4266 1126 4324 quitus
1154 4265 1230 4320 ipsius
