2782 4762
136 364 359 443 sederuntque
382 357 464 438 sitim
486 357 591 440 poclis
611 352 823 421 Heliconidos
846 359 984 435 rendae„
1063 386 1066 391 ·

200 463 327 547 Ungula
350 483 443 545 quam
464 461 545 524 fodit
569 463 647 523 dura
672 459 790 523 velocis
813 462 899 545 equi.
930 505 933 509 -
965 520 968 526 <

134 565 228 630 Unde
250 577 339 627 satur
356 565 575 647 strperquue
599 583 699 644 gentis
721 560 873 646 crurisque
892 562 1018 626 labores

197 665 375 749 Priscaque
397 664 568 728 semidedm
591 662 689 738 lortia
710 663 795 727 sacta
817 662 916 729 conis.
985 716 990 721 .

667 847 720 911 16.
740 840 743 846 ’

136 973 241 1038 Ascra
263 966 357 1034 lera'x
382 965 514 1033 Cereris
536 966 638 1052 patria
661 978 729 1043 est,
752 989 837 1031 utine
857 968 1000 1051 possidet
1023 991 1114 1047 ossa,

199 1076 324 1138 Rector
344 1071 418 1156 equi
440 1071 569 1151 Minyes
591 1069 643 1133 cui
665 1069 845 1133 dominatur
867 1075 1000 1149 humus,

135 1175 288 1250 Hesiodi,
314 1175 403 1236 cuins
425 1172 633 1236 celeberrima
657 1173 762 1255 gloria
786 1173 883 1236 vineit

197 1275 336 1342 Nomina
359 1275 523 1340 doetrinae
545 1275 635 1338 lance
656 1276 795 1358 probata
818 1277 936 1340 virdm.
1047 1280 1051 1285 '

668 1461 722 1523 17.
789 1519 792 1525 .

134 1581 272 1647 Hesiodi
294 1576 413 1664 corpus
436 1579 535 1644 silvae
557 1581 618 1644 sub
641 1579 804 1644 Locridos
826 1583 938 1659 umbra

198 1687 366 1746 Larerunt
388 1684 556 1766 Nymphae
578 1683 669 1746 sonte
691 1683 810 1745 nitente
832 1706 912 1760 suo,

133 1787 178 1849 Et
203 1789 354 1847 tumulum
377 1785 484 1848 iecere
506 1805 622 1865 super,
647 1806 740 1867 quem
764 1786 844 1848 lecte
868 1787 1014 1870 rigarunt

198 1889 370 1962 Pastores,
395 1907 552 1949 memores
574 1889 691 1973 addere
713 1899 824 1950 nectar
847 1889 928 1971 apis.

134 1990 275 2053 Fuderat
297 1990 344 2050 his
366 1991 464 2051 rebus
487 1988 604 2052 similes
627 1990 856 2073 qrria'pectore
879 2012 1001 2068 voces,

195 2090 365 2155 Aonidum·
380 2112 464 2173 puro
487 2103 584 2173 potus
607 2093 646 2154 ab
669 2112 758 2156 etune
780 2113 892 2157 senex.

670 2277 724 2342 18.

132 2396 282 2462 Carmina
305 2395 486 2485 Pindaricis
507 2395 622 2460 fidibus
644 2392 812 2474 sublimia,
836 2399 939 2467 dulcis
1045 2383 1051 2391 ¹

196 2502 249 2563 Nil
273 2498 332 2562 uisi
356 2501 416 2565 mel
438 2499 564 2562 redolet
587 2521 673 2561 mursa
697 2499 895 2566 Simonidea.
948 2532 951 2536 ’

131 2602 335 2665 Stesichorus
357 2588 478 2684 fulget,
502 2592 559 2663 sed
581 2622 640 2662 nec
662 2599 766 2665 minor
787 2604 926 2682 Ibycus:
950 2605 1088 2668 Alcman

124 2714 127 2721 '
196 2706 301 2766 Suuve
324 2703 429 2780 cauit,
454 2715 597 2765 teucrum
621 2701 739 2786 pagiua
762 2704 1015 2790 Bacchylidae„
1043 2690 1047 2698 ¹

131 2806 270 2870 Blandus
292 2804 495 2880 Anacreion,
519 2804 658 2868 Alcaeus
681 2804 788 2868 flexile
810 2805 919 2890 lingua

195 2907 332 2970 Aeolide
355 2917 389 2968 ut
410 2906 510 2970 Lesbi
533 2905 673 2970 conciuit
695 2907 786 2970 albus
808 2909 896 2972 olor.

132 3011 211 3074 Nou
234 3012 328 3072 debet
352 3009 483 3090 Sappho
507 3009 667 3073 numerari
689 3030 772 3072 nona
795 3009 953 3091 virorum,

194 3111 305 3177 Pierio
328 3111 480 3175 decimam
502 3114 558 3175 sed
579 3111 656 3176 lacit
676 3111 731 3176 illa
760 3113 877 3178 choro.

669 3298 723 3363 19.

127 3419 208 3482 Sunt
229 3415 322 3481 etism
346 3419 476 3493 doctae,
500 3415 665 3482 muliebris
688 3418 837 3496 nomina,
883 3424 1000 3500 vates‚=
1030 3436 1036 3447 ·

206 3521 293 3602 eras
316 3520 452 3583 Helicon
475 3519 551 3582 aluit
570 3520 777 3605 Pieriumque
801 3522 925 3618 ἰιιςιῃω.
938 3585 957 3610 Ι,

302 3719 395 3764 Nun-iit
411 3732 439 3764 ac
450 3733 529 3776 ,rupes
546 3721 643 3767 Pieriae
662 3721 799 3768 Macetdm:
839 3752 844 3761 ·
863 3747 865 3751 ·

267 3789 400 3834 Praxillam
418 3790 537 3851 Myronos
557 3790 697 3848 Anytenqoe
716 3798 740 3837 et
759 3790 864 3839 besoeta
881 3792 999 3852 Saw'oo,

295 3859 401 3914 (Sappho
420 3859 516 3903 feminei
535 3860 680 3905 Maeoniden
698 3859 809 3920 generis)

265 3926 381 3970 Eriruuuu
401 3933 424 3971 et
442 3930 532 3972 cleram
551 3929 692 3974 Telesillam
712 3936 796 3988 teque,
819 3929 943 3991 Corinna,
975 3942 988 3967 ³-

302 3997 366 4039 Ausn
385 4001 422 4041 est
440 4010 500 4054 quse
519 4002 612 4042 scritum
631 4000 739 4054 scribere
759 4001 911 4046 Palladium:

264 4063 368 4108 Nossidn
388 4067 568 4121 straviloqnem,
589 4070 682 4111 mellito
701 4075 725 4114 et
742 4075 838 4128 gutture
857 4071 966 4126 Myron,

301 4132 391 4176 Omnes
410 4134 501 4183 aeterni
519 4135 634 4191 carpsistis
652 4137 768 4183 urtificne.¹

266 4201 338 4244 Astra
358 4215 442 4246 rnorem
462 4203 546 4246 illusas
565 4206 711 4262 totidemque
729 4208 772 4251 has
792 4209 872 4253 'l'erra
890 4207 998 4267 crearit,

300 4271 445 4326 Perpetuam
463 4273 567 4319 hnmano
586 4275 704 4327 laetitiam
721 4278 816 4336 generi.
