2782 4762
194 168 254 231 162

257 324 390 388 Anseris
414 335 446 387 et
468 333 567 386 tutum
591 341 672 385 voce
694 320 792 384 fuisse
815 321 947 384 Iovem:

193 429 298 507 Quom
323 447 371 488 me
397 423 533 489 Castalia
556 424 721 504 speculans
744 443 784 483 ex
807 424 923 485 arbore
947 422 1098 485 Phoebus

255 529 310 592 Sic
332 525 392 600 ait,
417 536 526 588 aurata
549 523 641 586 nixus
665 525 704 584 ad
726 534 817 585 antra
840 523 929 602 lyra:

193 629 303 710 „Quid
325 626 384 690 tibi
405 648 475 689 curn
497 625 569 704 tali,
591 627 740 699 demens,
764 635 812 687 est
832 623 983 687 flumine?
1006 622 1075 707 quis
1098 634 1128 684 te

255 726 414 794 Carminis
435 726 527 790 heroi
550 738 682 810 tangere
704 726 795 788 iussit
817 725 923 808 opus?

189 833 266 894 Non
289 830 340 892 hic
363 829 425 892 ulla
449 828 507 890 tibi
528 829 684 908 speranda
707 838 755 890 est
776 827 879 902 sama,
904 825 1078 908 Properti:
1220 830 1223 836 ’

253 930 368 994 Mollia
392 940 465 991 erint
486 928 595 1010 parvis
617 940 707 1010 prata
731 931 863 993 terenda
884 928 984 1004 rotis,
1174 914 1178 920 ⁸

188 1034 234 1096 Ut
255 1044 326 1095 tuus
348 1030 379 1093 in
402 1050 530 1092 scamno
552 1028 688 1091 iactetur
709 1049 803 1111 saepe
826 1028 974 1104 libellus,

253 1134 355 1214 Quem
379 1134 463 1214 legat
485 1142 675 1212 exspectaus
699 1133 767 1194 sola
790 1132 894 1213 puelia
919 1132 1036 1195 virum.

189 1232 259 1298 Cur
281 1246 332 1296 tna
355 1232 572 1316 praescriptos
596 1242 708 1295 evecta
732 1244 780 1296 est
800 1233 916 1317 pagiua
941 1234 1057 1318 girus?

250 1337 326 1398 Non
350 1345 399 1397 est
419 1333 538 1417 ingenii
561 1336 672 1412 cymba
696 1336 857 1415 gravanda
881 1336 938 1396 tui.

188 1437 282 1500 Alter
304 1457 409 1499 remus
433 1454 549 1517 aquas,
574 1434 653 1495 alter
674 1431 734 1495 tibi
754 1437 846 1497 radat
867 1456 998 1510 arenas3

252 1541 356 1600 Tutus
378 1534 459 1598 eris:
484 1534 588 1596 medio
612 1533 746 1596 maxima
770 1536 865 1596 turba
887 1537 1071 1606 mariestl’

186 1637 343 1711 Dixerat,
369 1648 399 1699 et
421 1636 547 1717 plectro
570 1637 676 1696 sedem
699 1634 773 1696 mihi
797 1648 955 1700 monstrat
977 1641 1120 1713 eburno,

252 1740 323 1818 Qua
345 1758 430 1800 nova
454 1755 603 1799 muscoso
627 1734 735 1797 semita
759 1736 842 1798 facta
865 1736 938 1800 solo
962 1726 1024 1800 est.¹

186 1839 251 1902 Hic
274 1848 342 1901 erat
365 1838 464 1900 affixis
488 1836 599 1898 viridis
621 1837 771 1917 spelunca
794 1836 909 1918 lapillis

249 1940 501 2021 Pendebantquc
524 1937 610 1999 cavis
633 1949 782 2018 tympana
804 1938 996 2019 pumicibus.

186 2045 280 2126 Ergo
302 2043 472 2103 Musarum
496 2050 526 2101 et
550 2038 649 2100 Sileni
671 2039 772 2120 patris
794 2039 903 2123 imago

247 2140 369 2205 Fictilis
392 2151 424 2202 et
446 2138 574 2214 calami,
598 2140 670 2202 Pan
694 2142 860 2222 Tegeaee,
885 2141 947 2215 tui;

184 2246 228 2306 Et
250 2242 387 2305 Veneris
410 2241 555 2303 dominae
578 2241 747 2314 volucres,
773 2262 841 2303 mea
863 2244 978 2317 turba,
1001 2244 1168 2307 columbae

247 2343 391 2426 Tingunt
414 2342 593 2425 Gorgoneo
614 2342 729 2422 punica
751 2353 858 2406 rostra
879 2344 969 2418 lacu;

183 2443 406 2526 Diversaeque
428 2463 544 2506 novem
567 2441 700 2505 sortitae
722 2463 797 2505 rum
820 2444 945 2525 puellae

247 2547 410 2606 Exercent
433 2555 556 2605 teneras
578 2542 609 2604 in
631 2561 688 2605 sua
712 2546 794 2606 dona
818 2565 940 2608 manus.

182 2647 275 2708 Haec
296 2646 429 2707 hederas
450 2644 531 2727 legit
552 2642 583 2705 in
606 2645 753 2722 thyrsos,
779 2647 859 2708 haec
881 2646 1018 2710 carmina
1041 2651 1148 2713 nervis
1262 2653 1302 2714 35

244 2746 367 2827 Aptat;
392 2756 424 2807 et
445 2742 497 2806 illa
522 2765 614 2807 mauu
637 2743 719 2805 texit
741 2755 875 2830 utraque
897 2768 1019 2812 rosam.

238 2955 279 3002 13.
305 2971 359 3011 „ex
377 2955 478 3014 erdere]
498 2958 523 3000 ld
543 2971 589 3000 non
609 2963 645 3001 est
663 2959 689 3000 in
710 2957 815 3013 arbore,
844 2961 886 3005 sed
903 2962 966 3006 inter
981 2962 1104 3014 arbores,
1126 2966 1187 3020 quod
1203 2978 1248 3009 nos
1266 2969 1302 3011 di-

183 3028 260 3073 cimus
284 3039 332 3070 ‹aue
349 3024 398 3068 den
420 3023 533 3069 Biiumen
560 3040 604 3081 pro
625 3025 706 3071 duret
724 3027 764 3072 die
788 3025 910 3073 Bdume.”
935 3030 1003 3074 Hand
1021 3032 1129 3076 Turseli.
1150 3031 1175 3076 2.
1196 3045 1219 3087 p.
1241 3032 1302 3081 626.

185 3093 227 3140 li.
247 3093 288 3139 iric
307 3093 384 3137 Codd.
399 3092 428 3136 1..
449 3114 478 3125 -
499 3091 557 3138 dine
575 3096 687 3139 Volscus.
707 3098 797 3154 Vulgo.
835 3094 878 3145 21.
898 3099 937 3142 Sic
955 3099 1022 3154 Lips.
1038 3101 1102 3144 snat.
1114 3103 1202 3159 Vulgo.
1217 3120 1252 3135 -
1270 3103 1301 3149 L.

183 3162 273 3208 etiae.
293 3176 347 3206 cum
365 3162 424 3205 Cdd.
440 3163 601 3220 praescripto
619 3170 715 3208 revecto
731 3171 769 3209 eet
782 3165 883 3224 pagina
900 3167 973 3226 giro:
995 3170 1045 3222 sed,
1061 3173 1086 3212 ut
1101 3183 1123 3214 v.
1144 3167 1228 3214 eooeit
1245 3169 1310 3230 (ouf

181 3231 222 3276 die
240 3231 307 3274 Seite
319 3227 427 3288 feltren)
445 3231 555 3275 Latinum
568 3233 614 3286 sit,
635 3234 723 3289 dequo
740 3247 908 3291 megnoopere
924 3236 1032 3281 dubitare
1046 3239 1116 3291 lieet,
1137 3239 1301 3296 ingratissima

181 3305 259 3344 temen
287 3304 351 3344 esset
377 3300 466 3356 imago.
516 3301 602 3351 'i'otius
621 3302 669 3344 loci
690 3303 866 3346 distinctionem
887 3305 922 3347 sie
943 3307 1066 3349 constituit
1089 3306 1189 3352 lacob.:
1209 3305 1303 3352 Molita

182 3374 241 3413 eunt
255 3368 346 3424 porois
369 3373 448 3425 pratu
471 3368 575 3412 terenda
596 3371 668 3413 rotie.
713 3369 742 3414 tn
760 3376 817 3414 luite
839 3371 867 3415 in
884 3385 989 3418 scamno
1006 3375 1114 3419 iactetur
1131 3389 1206 3432 enepe
1228 3376 1302 3423 tibet·

181 3439 236 3492 lue,
256 3435 335 3497 Quem
352 3437 422 3496 legat
439 3443 592 3493 exspectem
610 3439 666 3481 tola
683 3439 769 3494 puella
787 3440 888 3494 cirum,
909 3438 958 3485 Cur
975 3449 1019 3487 tua
1029 3445 1191 3501 praescripto
1202 3452 1301 3491 conecto

180 3513 219 3551 eet
232 3507 332 3566 pagina
349 3504 427 3564 giro?
464 3504 495 3548 Ut
511 3507 544 3549 iia
569 3507 616 3550 erit
641 3506 709 3560 licet,
738 3509 859 3565 quumvis.
903 3510 949 3555 Sed
971 3516 1020 3555 tote
1039 3514 1084 3557 loci
1104 3515 1221 3558 sententie
1245 3516 1301 3560 huie

181 3575 267 3619 rationi
286 3579 404 3630 repugnat
420 3574 508 3618 rnerito
527 3589 539 3617 a
558 3571 605 3618 La.
624 3576 739 3619 reiectae.
775 3576 820 3621 Est
837 3582 916 3622 aulem
935 3579 1007 3625 haec:
1031 3587 1076 3635 „ut
1097 3582 1199 3626 libenter
1217 3584 1300 3642 legare

182 3659 195 3687 a
216 3643 320 3701 puellis,
339 3643 419 3686 tenuia
440 3648 509 3699 atque
528 3644 644 3686 amatoria
665 3649 804 3701 argumenta
824 3648 891 3702 sequi
910 3647 1010 3693 debes.''
1045 3651 1098 3694 Non
1114 3661 1190 3696 vero:
1209 3652 1301 3705 „Licet

181 3718 221 3756 tua
239 3712 344 3756 earmina
362 3715 443 3754 ament
465 3712 573 3765 puellae,
600 3725 643 3754 cur
658 3713 745 3755 altiora
765 3713 901 3758 affectas?”
919 3716 950 3758 Et
967 3720 1065 3772 proprie
1086 3718 1116 3762 Ut
1134 3745 1143 3753 -
1163 3743 1172 3754 -
1191 3719 1306 3769 iactetur,

182 3794 211 3824 ne
235 3778 382 3837 significaret
412 3780 506 3835 quidem
534 3780 606 3832 illud,
638 3782 701 3836 quod
721 3783 771 3824 vult
789 3783 856 3835 lac,
883 3786 924 3827 scd
944 3791 1009 3830 esset
1026 3789 1084 3839 „fac
1105 3793 1170 3830 tuum
1191 3789 1299 3834 libellum

182 3848 298 3907 iactari?
314 3853 412 3905 gesem
429 3844 495 3892 aucit
512 3846 546 3890 du
564 3847 671 3891 werdeet
687 3846 775 3910 ddufig
794 3851 914 3909 gaietem
932 3856 993 3908 quod
1015 3855 1039 3898 h.
1059 3858 1074 3899 Ι.
1098 3856 1228 3899 absurdum
1251 3864 1297 3902 est.

182 3913 224 3961 29.
253 3913 324 3974 Ergo
347 3914 388 3959 tu'e
405 3913 538 3962 Musarum
556 3916 653 3962 Lacum.
675 3919 737 3961 coni.
767 3919 813 3962 Sed
837 3934 899 3979 ergo
918 3921 943 3964 h.
967 3924 983 3968 Ι.
1010 3937 1057 3966 non
1085 3925 1183 3978 proprie
1202 3927 1299 3982 quidem

182 3981 301 4042 siguificat
318 3989 370 4033 trem
383 3986 418 4027 vei
437 3982 541 4037 deinde,
561 3987 602 4029 sed
619 3986 720 4029 inservit
738 3991 828 4031 tautum
841 3990 1012 4034 continuandae
1031 3993 1150 4045 orationi,
1176 4007 1230 4038 curn
1248 4009 1298 4039 ma·

180 4055 233 4097 iore
253 4052 331 4109 aliqua
345 4054 377 4095 vi.
428 4049 469 4098 30.
489 4067 502 4096 a
522 4054 617 4111 Tegea,
637 4054 754 4100 Arcadiae
772 4056 840 4101 urbe.
898 4055 939 4102 31.
962 4058 992 4102 Ut
1009 4059 1070 4104 Cod.
1090 4061 1168 4106 Gron.
1189 4086 1222 4096 -
1241 4077 1298 4107 meo

179 4133 243 4164 cura
261 4120 385 4163 Passerat.
450 4118 492 4166 32.
512 4123 548 4175 „i.
569 4136 591 4167 e.
611 4124 775 4178 Hippocrene,
807 4126 861 4169 fons
885 4128 938 4183 equi
959 4127 1082 4186 Gorgonei
1107 4143 1128 4173 s.
1155 4131 1249 4190 Pegasi·
1268 4146 1299 4177 ex

181 4202 267 4233 eruore
295 4189 411 4232 Medusae
439 4192 487 4235 orti
511 4192 597 4250 ungula
621 4193 688 4246 pedis
712 4184 929 4247 apertus.''1luin.
1004 4194 1045 4242 33.
1065 4199 1124 4243 iura
1147 4200 1210 4245 Seu.
1231 4202 1296 4248 coni.
