2782 4762
172 191 234 253 222

172 346 325 433 Quisquis
347 345 423 423 eris,
446 343 586 427 paullum
610 364 627 405 a
649 345 744 406 turba
765 342 929 406 seductior
951 342 1046 407 audi:

171 454 226 526 „0
249 453 356 526 bone,
381 471 454 512 uum
477 445 634 530 ignoras?
656 445 750 509 missa
774 457 821 508 est
844 467 861 508 a
885 445 1026 511 Caesare
1048 446 1156 511 laurus

170 554 396 638 Insignem-ob
419 551 539 612 cladem
563 550 739 613 Germanae
761 547 854 630 pubis
877 560 908 611 et
930 549 994 612 aris

169 656 321 741 Frigidus
343 652 503 717 excutitur
525 651 622 715 ciuis:
648 673 685 714 ac
706 652 767 715 iam
790 653 937 734 postibus
959 672 1062 729 arma,
1244 657 1289 719 15

169 761 236 822 Iam
260 759 439 837 chlamydes
462 776 594 839 regum,
620 754 682 816 iarn
704 756 788 816 lutea
812 776 953 836 gausapa
976 756 1077 837 captis

137 886 139 895 ⁴
168 863 353 944 Essedaque
376 859 584 942 ingentesque
606 858 691 919 locat
714 855 873 920 Caesonia
887 859 1044 921 Rhenes.

168 964 228 1029 Dis
250 963 349 1047 igitur
372 960 542 1043 Genioque
564 959 653 1023 dricis
676 970 802 1022 centum
824 959 914 1040 paria
938 962 980 1024 ob
1002 981 1056 1024 res

168 1065 311 1150 Egregie
336 1076 441 1148 gestas
463 1063 591 1125 induco.
615 1093 656 1104 -
680 1061 760 1140 Quis
784 1061 896 1124 vetat?
919 1065 1015 1130 aude!

167 1170 256 1233 Vae!
278 1167 337 1230 nisi
360 1165 528 1229 connives!
553 1165 657 1228 oleum
681 1175 907 1248 artocreasque
930 1167 1063 1248 popello
1249 1169 1293 1231 50

166 1269 322 1354 Largior.
346 1270 398 1331 An
415 1266 597 1349 prohibes?
619 1266 669 1328 dic
684 1268 788 1330 clare!
801 1269 819 1293 ''
842 1269 941 1340 „Non
954 1271 1034 1332 adeo
1045 1267 1077 1342 ,”
1094 1268 1212 1354 inquis.
1226 1303 1267 1316 -

167 1376 372 1447 „Exossatus
397 1391 476 1453 ager
498 1369 586 1431 iuxta
609 1380 670 1433 est.
717 1374 810 1452 Age,
836 1369 864 1432 si
887 1370 962 1433 mihi
984 1373 1068 1434 nulla

166 1477 233 1543 Iam
258 1473 379 1557 reliqua
405 1494 446 1535 ex
468 1471 590 1546 amitis,
614 1471 766 1552 patruelis
789 1473 892 1554 nulla,
917 1473 1084 1555 proneptis

166 1577 263 1641 Nulla
286 1587 390 1637 manet
412 1574 534 1656 patrui,
559 1573 674 1636 sterilis
698 1587 867 1638 matertera
890 1574 990 1651 vixit,
1219 1652 1221 1656 .

165 1679 278 1763 Deque
301 1678 369 1740 avia
394 1677 523 1739 nihilum
547 1686 711 1758 superest,
736 1679 855 1742 accedo
878 1678 1023 1741 Bovillas
1245 1683 1287 1747 55

167 1780 362 1864 Clivumque
386 1782 424 1842 ad
447 1778 563 1853 Virbi;
586 1790 720 1861 praesto
743 1791 792 1841 est
815 1779 887 1842 mihi
910 1781 1041 1845 Manius
1062 1764 1193 1847 beres.”
1218 1815 1258 1827 -

165 1885 369 1968 „Progenies
386 1881 542 1944 terrae?’'
566 1916 607 1927 -
628 1881 780 1960 „Quaere
798 1903 838 1943 ex
854 1905 923 1959 me,
949 1883 1019 1966 quis
1042 1884 1116 1947 mibi
1133 1897 1265 1968 quartus

165 1985 214 2049 Sit
230 1997 341 2068 pater,
365 1987 449 2047 baud
463 1995 633 2066 prompte,
657 1983 758 2046 dicam
774 1996 891 2048 tamen.
927 1987 1022 2050 Adde
1037 1986 1130 2050 etiarn
1147 2010 1263 2064 rrntrm,

164 2088 269 2152 Unum
293 2087 405 2151 etiam:
431 2097 536 2149 terrae
559 2085 688 2149 ostiam
712 2086 795 2150 lilius
818 2099 849 2150 et
871 2087 945 2153 mihi
967 2089 1031 2153 ritu

162 2190 293 2254 Manius
316 2188 367 2250 hic
391 2188 518 2272 generis
541 2209 644 2269 prope
667 2188 769 2252 maior
791 2191 965 2253 avunculus
988 2191 1069 2255 exit.
1092 2225 1134 2236 -
1246 2193 1288 2255 60

163 2290 229 2372 Qui
249 2290 341 2373 prior
364 2311 415 2366 es,
440 2310 498 2351 cur
520 2311 568 2353 me
590 2289 623 2351 in
646 2291 782 2352 decursu
803 2292 947 2372 lampada
970 2292 1102 2374 poscis?

163 2395 239 2457 Sum
263 2392 320 2456 tibi
343 2391 544 2455 Mercurius:
573 2390 667 2454 venio
690 2394 765 2454 deus
789 2394 852 2454 huc
874 2415 965 2478 ego,
991 2405 1027 2455 ut
1048 2394 1100 2456 ille

165 2495 328 2580 Pingitur.
374 2496 425 2558 An
448 2492 579 2556 renuis?
600 2493 653 2554 vin
675 2504 707 2555 tu
732 2496 872 2576 gaudere
894 2495 1066 2558 relictis?’'
1090 2529 1131 2540 -

162 2599 285 2672 „Deest
301 2597 419 2681 aliquid
433 2594 606 2659 siriumae.'’
630 2630 671 2640 -
695 2642 708 2668 „
717 2595 823 2660 Minui
839 2597 933 2660 mihi:
958 2602 1014 2660 sed
1029 2599 1088 2662 tibi
1105 2593 1208 2664 totuin
1223 2613 1285 2678 est,

164 2700 326 2783 Quidquid
357 2699 389 2763 id
419 2710 479 2762 est.
525 2697 589 2762 Ubi
616 2697 672 2774 sit,
711 2699 789 2782 suge
817 2720 990 2782 quaerere,
1028 2705 1116 2786 quod
1146 2702 1223 2766 mihi

923 2806 1083 2887 qnondam
1244 2806 1284 2868 65

231 3003 273 3050 42.
295 3029 327 3038 -
346 3010 389 3048 aut
406 3004 479 3048 turba
499 3003 530 3048 E.
584 3000 625 3048 ll.
648 3024 677 3034 -
693 3003 788 3061 puppis
807 3017 929 3059 superscr.
946 3004 1022 3061 pubis
1041 3004 1071 3049 R.
1117 3005 1155 3053 lb.
1175 3028 1199 3039 -
1221 3007 1283 3050 axia

161 3075 190 3119 ll.
213 3088 336 3130 superser.
356 3073 421 3116 aria.
459 3070 502 3117 45.
524 3093 558 3105 -
577 3078 603 3116 at
618 3073 670 3116 iam
687 3073 717 3117 11.
756 3070 797 3116 db.
817 3094 853 3106 -
871 3086 988 3133 gausapa
1006 3073 1079 3118 edetis
1098 3074 1150 3118 RE.
1191 3071 1233 3120 11.
1254 3095 1284 3109 -

161 3143 277 3203 ingentes
295 3144 362 3186 locat
380 3147 403 3185 et
422 3137 448 3185 0.
469 3142 521 3185 ΤΑ.
559 3141 595 3185 lh.
616 3161 650 3175 -
667 3155 743 3185 renes
761 3142 792 3186 R.
832 3139 873 3187 49.
894 3163 925 3177 -
940 3143 996 3201 quie
1015 3149 1085 3188 vocat
1101 3143 1133 3187 E.
1172 3141 1213 3187 51.
1227 3141 1285 3189 Non

160 3210 233 3271 adea]
252 3213 306 3257 TV.
334 3231 362 3242 —
389 3223 438 3254 non
461 3209 540 3255 audeo
567 3211 645 3255 RAM.
667 3232 697 3243 -
716 3209 785 3254 leand
802 3211 881 3256 audeo
899 3212 929 3256 E.
984 3209 1027 3258 52.
1047 3234 1080 3248 -
1098 3225 1147 3272 age
1165 3213 1204 3256 ael
1220 3209 1285 3256 milei

160 3282 197 3325 Μ.
235 3277 277 3325 53.
302 3300 328 3312 ·-
348 3278 388 3323 De
403 3279 501 3338 reliqua
519 3281 550 3326 V.
596 3276 638 3324 54.
659 3292 691 3312 '-
709 3286 846 3324 matertera
864 3281 938 3325 iaxta
957 3282 989 3325 V.
1027 3278 1068 3326 55.
1088 3301 1124 3315 -
1141 3281 1231 3326 accede
1250 3281 1282 3325 T.

161 3347 203 3396 56.
235 3371 262 3382 -
287 3344 428 3407 clivumque
451 3347 565 3393 adverbii
591 3349 620 3392 1²..
675 3349 713 3393 lb.
739 3369 773 3383 -
793 3356 899 3408 praesta
917 3347 980 3393 milri
998 3351 1028 3399 T.
1078 3349 1119 3395 58.
1139 3375 1172 3384 -
1190 3351 1285 3398 addam

159 3419 190 3464 E.
229 3415 270 3462 61.
292 3439 322 3450 -
338 3431 434 3476 poscae
451 3419 482 3462 R.
521 3414 562 3462 63.
582 3439 618 3453 -
635 3417 672 3462 eia
693 3418 731 3463 M.

229 3559 271 3607 51.
290 3559 347 3606 Nou
366 3559 445 3605 audeo
463 3561 492 3605 Ρ.
530 3557 571 3605 61.
588 3572 684 3617 pascae
701 3561 731 3605 P.

127 3693 135 3706 .
229 3703 271 3752 56.
292 3701 434 3762 Gliearnque
452 3700 487 3748 ad
505 3700 587 3762 Vtrae]
607 3704 725 3761 Quattuor
750 3701 855 3747 millibus
880 3701 910 3745 ab
936 3701 994 3746 urbe
1022 3707 1059 3748 eat
1083 3703 1163 3747 Virbii
1186 3704 1283 3758 clivus,

159 3789 205 3832 qna
228 3777 275 3821 iter
299 3779 336 3819 eat
356 3774 386 3816 ed
410 3772 517 3819 Ariciam
540 3777 564 3816 et
584 3774 613 3816 ad
632 3786 715 3817 nemus
734 3773 841 3826 Dianae,
870 3771 909 3815 ubi
932 3772 1033 3816 Virbius
1052 3774 1154 3826 colitur,
1186 3774 1209 3817 id
1228 3779 1282 3826 eat,

158 3845 318 3900 Hippolytus,
352 3842 414 3900 qnod
430 3841 467 3886 bis
486 3843 510 3889 in
534 3843 609 3887 vitam
634 3843 741 3897 prolatus
763 3843 804 3886 sit.
841 3839 903 3885 Nota
921 3845 1002 3885 eutem
1021 3842 1084 3897 apud
1099 3842 1229 3900 Virgilium
1248 3843 1284 3886 ia-

158 3913 215 3958 bula
245 3920 290 3958 est.
328 3913 400 3968 (Aen.
427 3907 627 3966 1,165.111.)
673 3911 719 3963 lb.
736 3906 851 3967 Maniae]
879 3910 987 3954 Manium
1016 3911 1074 3955 dicit
1103 3910 1238 3972 deformem
1262 3916 1286 3955 et

158 3983 266 4041 ignotum
283 3982 422 4034 bominem,
450 3994 479 4026 eo
498 3981 561 4038 qnod
578 3980 674 4024 Maniae
695 3981 804 4024 dicuntur
819 3979 926 4023 indecori
943 3981 1022 4023 vultus
1041 3992 1175 4034 personae,
1196 3979 1284 4036 quibus

157 4052 226 4107 pueri
245 4056 374 4095 terrentur.
425 4047 466 4097 61.
485 4048 535 4109 Qai
555 4049 631 4108 prior
654 4063 703 4103 ee,
734 4063 781 4093 car
798 4044 847 4106 me]
867 4048 934 4102 Apud
957 4047 1063 4093 Athenae
1092 4062 1164 4105 quern
1184 4050 1284 4094 invenes

158 4122 228 4167 ludos
254 4132 326 4164 cursu
353 4118 524 4173 celebrabant,
556 4120 595 4176 qui
619 4118 697 4163 victor
718 4124 798 4171 esset,
829 4117 920 4172 primus
944 4117 1021 4162 facem
1047 4118 1165 4173 tollebat,
1196 4118 1283 4163 deiude

157 4190 266 4248 sequenti
292 4203 318 4234 se
340 4188 450 4233 tradebat
473 4193 498 4234 et
521 4190 638 4234 secundus
661 4189 749 4234 tertio:
781 4187 892 4233 similiter
912 4199 1013 4240 ornnes,
1040 4189 1117 4234 donee
1135 4187 1306 4240 currentium.

159 4273 273 4306 numeras
290 4258 439 4315 impleretur.
