2782 4762
199 337 291 418 Quae
314 335 431 401 veteris
452 336 557 400 famae
578 332 635 400 vix
655 333 713 400 tibi
734 335 828 422 sigua
851 337 989 424 tapsus:

131 443 242 507 Hasue
266 439 335 518 dei,
360 439 467 515 dices,
502 440 592 503 eaelo
616 439 739 522 petiere
760 436 901 503 relicto?
988 496 991 500 .

199 542 348 630 Rixaque
370 539 495 624 partitis
515 541 595 605 haec
616 541 678 604 ruit
700 563 760 606 una
782 539 872 604 deis?

133 648 243 722 Idem,
266 646 557 732 Agamemnonias,
582 643 686 721 dices,
710 664 809 726 quom
835 628 951 707 viileris
973 664 1085 707 arces:
1237 645 1257 721 ξ

198 751 273 813 Heu
298 748 413 837 victrix
435 748 518 812 vieta
543 747 664 812 vastior
685 748 766 808 urbe
787 745 921 809 iaceat·
1024 812 1026 817 ,
1188 814 1194 822 ,
1249 765 1251 768 ⁴

133 853 204 916 Hae
227 861 319 929 suunt,
341 872 420 934 queas
445 849 557 914 merito
583 850 741 934 quondam
763 858 811 908 est
827 847 937 910 mirata
962 859 1125 912 vetustas:
1179 867 1184 874 ·

197 955 392 1037 Magnarum
415 974 523 1015 rerum
546 972 658 1035 magna
681 949 851 1033 sepulchra
873 951 976 1015 vides.
1023 940 1024 944 ¹
1064 950 1068 955 ’

147 1151 348 1214 LXXXIX·
389 1149 495 1213 Iutta.
518 1147 680 1212 Procilla.
707 1147 792 1214 Vix.
815 1147 885 1212 An.
908 1150 1007 1214 XlX.
1031 1149 1246 1213 Amorctottw

191 1269 351 1335 Caesaris
366 1268 527 1332 aedituus
541 1268 584 1330 ab
599 1268 793 1332 Concordia
807 1268 948 1350 coniugi
962 1269 1043 1330 benc
1059 1267 1202 1330 meritae

396 1388 530 1475 posuit.
572 1389 722 1477 (Authol.
746 1392 789 1453 L.
815 1391 847 1454 i.
873 1390 962 1469 150.)

134 1524 231 1586 Hunc
253 1518 311 1582 tibi
333 1535 492 1605 perpetuo
514 1521 657 1596 titulum,
683 1519 863 1605 gratissima
886 1520 1044 1595 coniunx,

199 1624 360 1707 Corporis
384 1623 532 1688 exstincti
555 1622 679 1686 dedicat
702 1623 767 1704 ipsa
791 1623 883 1686 fides.

134 1727 254 1792 Vixisti
276 1749 397 1790 meeum
419 1725 541 1790 iuvenis
564 1747 722 1810 carosque
743 1747 803 1806 per
825 1744 946 1801 anuos,

199 1829 291 1909 Quos
312 1828 378 1891 vita
402 1827 497 1911 exegi
519 1827 656 1891 dulciter
677 1826 745 1909 ipse
767 1849 849 1890 mea.

136 1929 244 2013 Opto,
268 1928 296 1993 si
318 1951 380 2014 qua
402 1930 482 1992 fides
503 1940 646 1992 remanet
667 1928 789 1993 telluris
812 1927 949 2009 amicae,

197 2031 247 2097 Sit
268 2032 325 2096 tibi
346 2043 505 2116 perpetuo
527 2043 614 2096 terra
635 2032 716 2096 levis
737 2032 872 2098 tumulo.

374 2226 449 2319 xo.
476 2209 591 2290 aaa
627 2221 777 2321 (panthu.
800 2225 845 2287 Ι..
870 2196 910 2288 a.
925 2222 1016 2302 ao.)

135 2358 195 2421 Est
216 2378 290 2422 rosa
312 2359 374 2421 flos
396 2359 554 2433 Veneris,
580 2355 668 2419 cuius
689 2377 755 2440 quo
777 2356 865 2420 furta
887 2355 1041 2438 laterent,

198 2460 396 2542 Harpocrati
418 2459 526 2523 matris
550 2461 634 2523 dona
657 2457 773 2536 dicauit
796 2445 913 2536 Asper.

134 2560 213 2625 lude
235 2582 342 2624 rosam
360 2562 479 2651 ‘mensis
500 2563 620 2643 hospes
642 2558 805 2642 suspendit
827 2558 918 2623 amici
964 2644 967 2651 Ι

195 2663 385 2742 convivae,
411 2676 444 2728 ut
466 2666 525 2729 sub
548 2686 583 2726 ca
607 2660 690 2726 dicta
713 2654 846 2731 tacenda
868 2662 982 2726 sciant.

232 2843 327 2907 xor.
362 2841 545 2937 vomam.
568 2822 743 2906 uectari:
758 2838 912 2919 (anthol.
936 2839 980 2900 L.
1005 2839 1037 2901 a.
1061 2838 1150 2935 351.)

134 2971 200 3053 Qui
222 2971 326 3043 colitis
350 2970 494 3052 Cybelen
518 2983 549 3035 et
572 2970 626 3057 qui
647 2972 787 3056 Phryga.
803 2951 1087 3054 plangitis'Auin,

196 3075 281 3137 Dum
304 3085 397 3138 vacat
420 3085 452 3137 ct
474 3074 748 3154 tacitaDiudyma
770 3085 864 3137 nocte
885 3071 999 3134 silent:

133 3177 225 3241 Flete
249 3199 337 3240 ntcos
358 3177 495 3240 cineres.
541 3179 616 3241 Nou
638 3187 687 3240 est
709 3174 829 3239 alienus
850 3177 881 3238 iu
904 3173 966 3236 illis

196 3281 323 3343 Hector
345 3292 377 3343 et
397 3281 462 3344 hoc
484 3283 607 3345 tumulo
629 3270 809 3363 Mygdonis
832 3280 942 3343 aaarabra
964 3291 1072 3362 tegor.

132 3379 193 3443 Itte
216 3402 303 3465 ego,
328 3380 383 3466 qui
405 3383 511 3467 magui
534 3387 654 3465 parvus
676 3382 878 3468 cognominis
900 3385 1012 3460 heres,
1235 3383 1261 3444 5.

196 3482 348 3564 Corpore
369 3483 402 3545 in
425 3485 544 3569 exiguo
566 3507 619 3548 res
641 3506 810 3550 numerosa
831 3485 892 3550 fui.

96 3585 280 3649 ·Fleetere
303 3588 415 3649 doctus
438 3607 557 3669 equos,
581 3585 679 3665 nitida
701 3599 826 3650 certare
848 3589 1026 3668 palaestra,
1151 3615 1153 3618 ·
1253 3638 1258 3645 .

194 3687 296 3750 Ferre
318 3688 430 3764 iocos,
455 3699 525 3751 astu
546 3689 681 3766 fallerej
705 3710 799 3753 nosse
822 3690 930 3752 fidem.
1027 3679 1038 3721 .'

130 3788 178 3853 At
200 3789 257 3850 tibi
278 3792 353 3852 dent
375 3790 503 3872 superi,
528 3803 697 3875 quantum,
722 3791 910 3868 Domitilla,
936 3791 1085 3868 mereris,

196 3891 286 3969 Quae
303 3889 407 3968 facis,
431 3889 550 3976 exigua
571 3914 611 3957 ue
631 3893 791 3958 iaceamus
813 3895 924 3958 humo.
1213 3895 1252 3954 10

200 4108 369 4158 Lxxxvut.
390 4108 415 4157 2.
427 4107 533 4171 formae
551 4114 678 4161 Schrader.
709 4113 733 4161 i.
753 4115 862 4174 rixaque
880 4113 1055 4159 flematerhuia.
1075 4127 1204 4175 regnoque
1222 4115 1250 4158 tt.

129 4177 276 4225 mxxix.
298 4177 323 4224 i.
337 4193 462 4240 conorque
473 4196 521 4239 per
536 4197 615 4227 canoa
628 4184 690 4245 Quia
705 4187 769 4230 oe'toc
782 4185 862 4245 exegi
872 4183 945 4228 dulce
962 4183 1011 4228 iter
1022 4184 1077 4240 ipae
1090 4184 1252 4228 neeucssarthii

129 4261 196 4304 susp.
234 4249 290 4295 XC.
309 4249 356 4306 Ep.
369 4251 473 4298 tortasse
484 4254 627 4297 recentioris
637 4256 733 4300 aetatis.
746 4255 814 4299 XCI.
828 4251 852 4298 3.
864 4254 963 4298 cinerea
974 4266 1003 4300 er
1013 4254 1124 4307 Mazaei.
1136 4266 1212 4298 cuiue
1222 4253 1252 4297 Β.
