2782 4762
170 179 234 243 100

170 337 296 419 Mollia'¹
307 341 441 401 nudatae
465 337 631 401 tollentem
652 336 793 421 tegmina
815 358 927 401 surae:

171 446 280 531 Atque
303 446 383 506 hacc
405 440 555 506 extremis
579 452 727 504 maestam
751 440 869 504 dixisse
892 439 1048 525 querelis,

170 548 359 633 Frigidulos
385 547 449 608 udo
472 544 629 627 singultus
652 565 710 608 ore
734 544 889 607 cientem:

172 701 187 730 ‚,
200 652 327 717 Siccine
350 673 399 714 me
417 648 530 731 patriis
551 659 712 722 avectam,
735 649 875 728 perfide,
900 646 1043 717 aberis,

172 758 320 830 Perfide,
344 756 472 816 deserto
489 749 610 836 liquisti
628 749 660 812 in
682 749 795 825 litore,
820 750 972 813 Theseu?

172 858 301 923 Siccine
324 857 487 919 discedens
510 853 660 937 neglecto
684 853 809 917 numine
833 852 962 927 divom,

171 964 346 1027 Immemor
365 960 423 1021 ahl
450 961 566 1020 devota
591 959 719 1019 domum
738 955 879 1037 periuria
902 955 1038 1037 portas?

171 1060 311 1130 Nullane
330 1084 382 1125 res
401 1060 508 1143 potuit
531 1059 669 1120 crudelis
689 1059 819 1121 flectcre
842 1058 956 1120 mentis

176 1165 378 1232 Consilium?
401 1162 460 1226 tibi
483 1162 567 1225 nulla
591 1161 652 1224 suit
671 1161 836 1223 clementia
858 1173 1005 1242 praest0,

171 1269 297 1334 Immitc
318 1279 353 1328 ut
375 1265 478 1329 nostri
498 1265 594 1328 vellet
617 1264 820 1327 miserescere
843 1263 979 1344 pectus?

171 1373 217 1435 At
240 1392 305 1434 non
326 1371 406 1431 haec
424 1371 585 1452 quondam
608 1365 702 1429 nobis
723 1366 883 1447 promissa
910 1364 1024 1428 dedisti

171 1476 288 1547 Voce3
313 1470 389 1533 mihi
412 1492 477 1533 non
497 1473 561 1533 hoc
584 1468 716 1531 miserae
739 1491 869 1549 sperare
888 1468 1036 1544 iubebas,

173 1577 238 1640 Sed
260 1573 420 1638 connubia
436 1573 535 1646 laeta,
560 1574 615 1634 sed
635 1582 764 1652 optatos
786 1573 999 1650 hymenaeos:

173 1679 263 1759 Quae
287 1687 400 1739 cuncta
424 1673 506 1737 ae‘rii
530 1673 714 1754 discerpunt
736 1671 828 1735 irrita
851 1673 950 1736 venti.

171 1783 267 1844 Nunc
289 1779 350 1843 iam
372 1779 457 1841 nulla
480 1776 553 1839 viro
576 1776 694 1838 iuranti
714 1774 830 1838 semina
852 1781 979 1852 credat,

172 1883 270 1946 Nulla
290 1881 354 1944 viri
375 1892 482 1964 speret
504 1901 667 1942 sermones
690 1901 757 1942 esse
776 1879 898 1943 fidelis:

172 1986 254 2066 Quis
275 1988 347 2046 dum
370 1983 492 2069 aliquid
513 1981 644 2064 cupiens
667 1980 789 2043 animus
809 1983 987 2066 praegestit
1009 1976 1125 2064 apisci,

172 2087 230 2151 Nil
250 2098 392 2149 metuunt
413 2086 537 2159 iurare,
561 2084 640 2146 nihil
663 2085 855 2166 promittere
878 2097 1034 2166 parcunt:

172 2192 238 2254 Sed
260 2189 350 2252 simul
372 2211 409 2251 ac
432 2186 565 2268 cupidae
587 2171 697 2249 mentis
719 2187 830 2249 satiata
848 2188 950 2252 libido
971 2200 1035 2265 est,

171 2292 270 2357 Dicta
292 2290 372 2354 nihil
396 2300 551 2365 metuere,
574 2289 653 2351 nihil
675 2288 816 2370 periuria
838 2303 963 2353 curant.

173 2395 271 2460 Certe
293 2415 355 2477 ego
373 2404 404 2455 te
424 2392 457 2454 in
479 2391 590 2455 medios
604 2403 782 2454 versantem
802 2393 929 2457 turbine
952 2394 1006 2457 leti

172 2495 289 2578 Eripui
312 2505 343 2557 et
364 2494 472 2577 potius
497 2515 679 2578 germanum
704 2493 848 2558 amittere
872 2497 979 2572 crevi,

172 2599 276 2679 Quam
297 2597 357 2660 tibi
378 2597 486 2661 fallaci
509 2618 658 2679 supremo
680 2597 713 2658 in
736 2608 881 2679 tempore
905 2604 1056 2663 deessem.

172 2703 241 2766 Pro
265 2723 330 2785 quo
354 2700 556 2764 dilaceranda
576 2699 655 2764 seris
678 2701 781 2762 dabor
805 2699 995 2786 alitibusque

121 2869 123 2873 ,
172 2805 298 2868 Praeda
320 2825 422 2889 neque
441 2802 558 2866 iniecta
578 2802 761 2865 tumulabor
784 2815 909 2866 mortua
935 2815 1034 2870 terra.

228 3012 286 3060 1³3.
307 3016 448 3060 arisl'oss.
464 3016 546 3060 Burin.
598 3013 656 3061 139.
676 3017 842 3060 inissrescers
855 3017 925 3061 atde.
939 3020 971 3062 al.
992 3019 1017 3062 In
1030 3019 1093 3063 Mss.
1107 3020 1290 3065 lectionemite·

171 3097 242 3129 seen
255 3087 343 3130 misere
361 3099 414 3130 sese
429 3090 540 3142 torquent
550 3085 610 3130 Edd.
622 3088 693 3129 niodo
709 3100 771 3145 ergo
787 3088 923 3141 supplentes
938 3090 966 3131 ad
980 3102 1002 3131 v.
1017 3090 1099 3132 nostri
1110 3087 1208 3146 (Voss.)
1218 3092 1288 3134 medo

171 3160 337 3200 construentes
346 3161 436 3211 pectus
449 3156 530 3199 nostri
543 3155 567 3198 h.
583 3169 606 3199 e.
620 3158 639 3199 si
653 3156 705 3199 Diis
717 3158 808 3211 placet,
829 3171 892 3216 erga
904 3170 960 3202 nos.
978 3159 1076 3212 (Dour.)
1092 3163 1164 3203 inodo
1182 3160 1290 3204 morrstri

170 3225 334 3269 coniicicntes.
353 3222 441 3280 (Scal.)
485 3221 541 3269 tto.
563 3226 602 3268 Sic
620 3227 706 3280 scripsi
725 3241 786 3270 nuuc
805 3241 858 3271 cum
877 3227 992 3282 Lachm,;
1012 3243 1071 3285 qnae
1092 3231 1161 3273 lectio
1180 3231 1289 3274 excusari

170 3297 256 3338 saitem
275 3298 366 3348 potest:
397 3308 452 3337 uam
472 3299 496 3338 ut
514 3295 661 3352 frequentius
680 3297 800 3340 iuvenitur
819 3297 921 3350 timere,
948 3304 1056 3341 metuere
1074 3300 1167 3353 elicui,
1190 3301 1288 3344 sicilici

170 3369 248 3418 petest
266 3366 338 3408 etiam
355 3377 461 3421 sperare
479 3365 558 3408 clicru'
570 3364 680 3423 aliquid,
701 3369 774 3408 immo
788 3371 877 3410 certum
892 3367 942 3410 cius
956 3370 1142 3412 constructionis
1155 3371 1290 3424 exemptum

170 3439 248 3478 exstat
265 3436 325 3488 apud
345 3434 397 3479 (lic.
412 3435 440 3477 ad
453 3435 524 3478 artic.
542 3435 570 3488 1,
587 3433 628 3478 13.
647 3449 663 3476 c
682 3449 727 3493 que
745 3433 810 3478 nitet
827 3448 915 3492 speres
928 3436 985 3480 boni
997 3438 1161 3495 reipublicae
1179 3438 1287 3496 (datin).

168 3503 298 3547 Ordinabis
318 3505 406 3562 igitur:
437 3517 503 3557 „non
523 3503 621 3547 iubebas
641 3517 739 3559 sperare
759 3505 804 3548 hoc
823 3506 879 3548 mihi
900 3508 1029 3551 miseras.”
1056 3511 1227 3553 Verumtamen
1247 3524 1288 3553 ns·

167 3574 220 3632 gari
238 3575 320 3631 nequit
338 3575 420 3617 durius
440 3574 485 3616 hoc
504 3587 557 3617 esse
577 3588 619 3618 nec
637 3580 730 3631 gratam
749 3574 772 3616 h.
790 3577 805 3618 Ι.
827 3577 982 3620 variationem
996 3577 1067 3621 nobis
1081 3577 1107 3634 )(
1120 3576 1191 3622 initi.
1212 3579 1288 3622 Prae·

168 3649 233 3688 tersa
247 3644 307 3687 Cdd.
323 3645 380 3700 aliq.
395 3649 418 3687 et
430 3643 475 3686 Ed.
491 3657 527 3696 pr.
545 3644 650 3688 habent:
671 3644 702 3687 Ar
720 3657 769 3686 non
786 3642 848 3687 taes
867 3646 991 3704 quondam
1009 3649 1081 3691 nobis
1095 3648 1227 3704 promissa
1246 3648 1287 3692 de-

168 3711 229 3756 dissi
249 3711 312 3756 Voce
332 3712 402 3766 milri,
423 3726 472 3755 non
490 3714 552 3764 (nec
571 3715 611 3757 atii
625 3713 718 3766 code,
740 3715 772 3757 uti
786 3716 859 3758 Voss.
877 3730 889 3759 c
906 3717 966 3759 Mes.
983 3714 1084 3771 Statim)
1103 3715 1148 3760 hoc
1167 3719 1288 3761 emiseram

166 3795 271 3839 sperare
290 3783 408 3826 iubebas:
438 3780 490 3825 ficri
511 3797 571 3826 rrunc
591 3788 683 3836 potest,
715 3787 753 3836 ut,
782 3785 844 3840 quod
865 3799 908 3839 pro
928 3789 994 3828 certe
1014 3800 1057 3842 ego
1079 3789 1139 3832 Cdd.
1160 3789 1286 3831 destitutus

166 3849 287 3896 affirmare
308 3867 353 3896 nen
372 3865 449 3909 queo,
479 3852 550 3896 etiam
569 3853 667 3897 Lachm.
689 3854 773 3906 lectio,
801 3855 999 3909 quarucxhibui,
1021 3856 1089 3899 huius
1109 3858 1140 3900 sit
1157 3858 1287 3901 arbitraria

166 3922 289 3965 dumtaxat
307 3923 426 3966 correctio
446 3935 489 3964 nec
507 3922 566 3965 satis
585 3923 658 3979 fctix;
687 3923 732 3965 hoc
756 3929 848 3967 certum
873 3929 923 3977 est,
952 3927 981 3966 at)
999 3926 1054 3968 aliis
1073 3927 1134 3970 hand
1153 3928 1246 3985 ingrata
1265 3932 1289 3971 et

166 4004 222 4035 vere
241 3992 300 4035 ltsla
318 3993 515 4046 interpolatione,
548 3996 635 4046 petita,
665 3993 688 4035 ni
713 3992 785 4035 fallor
810 4007 839 4036 ex
856 3993 965 4038 Enniano
991 3995 1032 4038 itte
1051 4009 1075 4051 p.
1095 3994 1153 4040 tat.
1175 3999 1245 4042 lless.
1265 4002 1289 4041 et

166 4059 259 4104 blenda
268 4075 324 4104 socc
334 4061 464 4115 reccdam,
485 4067 580 4106 servato
597 4063 681 4115 nohis,
703 4064 762 4107 unde
778 4064 907 4107 hauserunt
917 4066 1119 4121 interpolatores,
1134 4081 1147 4110 a
1159 4068 1286 4121 Cicerone,

166 4130 289 4175 exhiberi:
310 4130 434 4189 quondum
445 4131 537 4176 blanda
548 4134 677 4190 proruisse
690 4131 784 4176 dedisti·
804 4132 867 4177 Voce
880 4132 942 4178 anilii
950 4148 961 4188 ;
979 4149 1029 4178 non
1041 4133 1086 4179 hoc
1099 4137 1220 4180 miserum
1234 4135 1245 4194 (
1253 4139 1287 4181 sic

162 4202 234 4244 Aldd.
248 4201 323 4245 Guar.
338 4202 435 4245 ltlitsch.
451 4203 523 4260 Ging.
539 4202 628 4260 sung.)
648 4204 761 4247 Blandius
780 4204 883 4249 fortasse
900 4206 933 4249 sic
947 4206 1098 4251 scribendum
1110 4212 1176 4253 erat.
1196 4207 1288 4252 Atrion

162 4268 224 4316 huss
243 4270 383 4332 quondam,
410 4273 492 4328 nosti,
510 4273 641 4331 premissa
658 4272 753 4318 dedisti
772 4273 836 4319 Voce
854 4274 934 4330 milri,·
957 4289 1007 4322 non
1024 4275 1070 4320 hec
1089 4277 1211 4321 irrisorum
1231 4291 1286 4334 spe·
