2782 4762
669 339 722 403 75.

133 440 316 510 Heraclitus
338 463 415 526 ego.
460 439 544 522 Quid
567 438 685 504 inertes
707 438 881 523 deprimitis
905 412 979 504 nie?
1042 436 1045 441 ’

195 550 272 629 Non
296 546 408 620 vohis,
434 545 537 608 doctis
559 546 614 606 sed
637 546 727 606 dattts
749 543 810 606 iste
833 544 938 607 labor.

132 650 222 716 Unus
245 651 342 713 homo
365 648 436 729 plus
460 646 544 709 mille
567 644 663 720 mihi3
697 656 747 710 tot
770 644 853 708 milia
878 667 985 709 nemo.

195 752 271 815 Hoc
294 751 413 834 loquor
438 748 469 812 in
492 769 596 834 regno
618 769 702 811 nttue
724 769 852 831 quoque
873 749 1112 831 Persephones.

666 917 718 979 td.

131 1037 335 1103 Heraclitcos
358 1039 517 1120 Epheseia
540 1035 659 1118 scripta
683 1036 811 1100 labores

195 1144 245 1204 Ne
268 1141 348 1203 eitus
371 1142 411 1202 ad
432 1141 553 1203 calcem
573 1141 689 1213 volve3
714 1139 846 1202 molesta
869 1137 1002 1219 viaest.
1101 1216 1105 1223 ³

134 1243 249 1309 Omnia
272 1253 345 1305 snm
369 1243 530 1305 tenebrae.
576 1241 689 1324 Magis
712 1240 790 1302 haee
812 1243 868 1302 sed
889 1240 992 1305 lueida
1014 1243 1083 1308 sole

195 1345 357 1420 Inveniet,
384 1356 483 1425 myssa
507 1342 562 1427 qui
585 1346 665 1406 duee
688 1343 791 1425 carpit
812 1343 885 1408 iter.
942 1332 944 1337 ⁵

663 1511 718 1575 77.

133 1634 258 1696 Saxeus
282 1631 370 1695 orbis
394 1652 500 1706 eram,
526 1631 650 1700 minima
674 1653 733 1694 nee
754 1643 847 1714 parte
871 1632 1026 1712 minutus,

196 1737 259 1797 Hie
281 1733 437 1796 Heracliti
462 1755 557 1818 qttotn
580 1755 721 1815 posuere
744 1747 861 1816 caput:

132 1839 179 1900 At
201 1858 284 1899 nune
306 1835 443 1899 littoreis
465 1858 532 1898 sum
557 1835 664 1899 tritior
687 1858 761 1899 eece
784 1837 921 1918 lapillis,
1006 1880 1009 1885 -

175 1940 302 2021 Quippe
326 1938 496 2001 iuventutis
521 1960 569 2000 tue
592 1949 663 2000 rota
687 1940 782 2001 mttlta
806 1939 940 2021 proruit.

132 2038 255 2123 Cippus
278 2043 379 2104 abest.
424 2040 555 2127 Aliquid
579 2062 695 2105 moneo
718 2051 821 2107 tamen
845 2040 940 2117 utile,
964 2064 1026 2127 pru
1050 2067 1099 2111 me

197 2144 278 2205 Natu
301 2142 466 2227 loquitur,
487 2142 644 2225 populum
667 2143 722 2226 qui
743 2143 869 2222 latrat,
884 2144 944 2208 iste
966 2137 1066 2212 cattis.

667 2312 720 2378 78.

130 2431 226 2495 Nune
247 2431 370 2516 magis,
393 2431 577 2508 Heraclite,
600 2441 658 2496 tuo
681 2453 774 2516 quiam
797 2443 961 2516 tempore,
987 2435 1083 2499 vitam
1141 2444 1145 2450 “

194 2535 273 2611 Fle,
296 2556 434 2616 pree0r;
457 2547 505 2596 est
529 2535 642 2598 etenim
665 2558 749 2599 nunc
770 2537 994 2601 miserabilior.

131 2637 182 2698 Tu
206 2657 334 2720 quoque
356 2658 439 2698 uune
460 2636 544 2699 illam
566 2637 686 2719 tnagis,
712 2657 731 2701 o
755 2638 968 2716 Democrito,
985 2640 1072 2715 ride;

194 2740 275 2800 Nam
299 2738 365 2801 risu
389 2760 547 2821 uunquam
571 2739 700 2822 dignior
722 2740 773 2802 ills
797 2741 868 2804 luit.
920 2759 924 2767 ·

130 2841 203 2904 Vos
225 2861 289 2923 ego
312 2843 367 2903 sed
390 2854 535 2921 spectans
557 2843 608 2902 hle
631 2841 771 2918 haereo,
797 2847 962 2927 quemodo
985 2846 1103 2927 possint

193 2945 242 3007 Te
265 2941 398 3006 ridendo
421 2942 534 3026 sequi,
559 2952 591 3005 te
612 2943 808 3008 lacrimando
831 2945 934 3031 sequi.

662 3111 715 3176 ⁷9.

129 3228 358 3310 Persephone,
384 3251 571 3314 qttamquam
594 3242 711 3316 regnas
732 3232 837 3297 ridere
859 3246 1012 3319 negantes

192 3332 229 3392 Iu
253 3334 410 3414 populos,
436 3335 567 3396 annnam
589 3337 716 3416 suscipe
737 3335 938 3412 Democriti,

128 3433 295 3496 Ritlentetn
319 3434 457 3517 placide.
503 3439 609 3517 Quotn
634 3440 672 3500 de
694 3449 727 3500 te
749 3450 865 3501 maesta
888 3441 1041 3519 doleret,-

191 3537 270 3618 lpse¹
289 3548 342 3599 tua
365 3537 480 3621 inflexa
504 3551 551 3602 est
572 3539 689 3602 risibus
711 3541 790 3602 altna
813 3562 942 3622 parens.

301 3709 361 3754 Nem
380 3712 426 3754 vitu
445 3717 482 3756 est
500 3713 550 3756 risu
570 3727 631 3757 nune
649 3725 717 3770 tnuge
737 3714 806 3770 digna
826 3718 877 3757 ltro.

265 3778 318 3835 lpse
337 3781 420 3826 ambos
440 3782 528 3825 imitari
547 3796 622 3836 aveo,
643 3784 773 3838 tacitusque
792 3785 891 3837 voluto,

301 3850 346 3906 Qui
365 3853 456 3906 possim
473 3853 549 3896 risum
568 3851 667 3912 iungere
687 3865 741 3896 eum
759 3853 874 3897 lacrimis.

198 3983 240 4046 79]
259 3986 387 4032 Cunlchitts
405 3989 459 4034 sie:

264 4057 432 4112 Persephone,
453 4062 564 4112 expertes
581 4059 651 4114 risu,
671 4060 728 4113 dea,
748 4073 809 4118 quse
828 4060 893 4118 regis
912 4059 1022 4116 utnhras,
1075 4082 1078 4089 ·

297 4126 422 4171 llidentctu
441 4128 521 4183 boue,
542 4129 591 4183 sis,
612 4130 692 4184 accipe
710 4129 883 4174 Detnoerittttn.

263 4194 294 4239 Et
314 4200 367 4249 lua,
388 4201 409 4240 te
428 4199 534 4250 aruisse,
554 4198 642 4242 misere
661 4212 731 4256 quotu
750 4205 840 4244 trtacslu
860 4199 967 4252 doleret,

301 4265 394 4310 Dicitur
412 4281 427 4310 a
443 4266 494 4310 risu
513 4265 574 4312 flexa
593 4267 668 4313 luisse
687 4281 785 4323 pareus.

1231 2851 1251 2912 5
