2782 4762
320 762 590 839 TYRTAEI
627 760 884 839 ELEGIAE
921 759 1075 836 DUAE

667 952 719 998 AB

177 1101 372 1166 HUGONE
395 1099 576 1167 GROTIO
596 1099 644 1164 ΙΝ
667 1098 891 1165 LATINUM
912 1095 1212 1164 couvmtsuu.

601 1263 802 1281 ...αὴ-υ

678 1416 709 1479 l.

134 1555 275 1633 Audite,
300 1554 408 1619 invicti
431 1557 557 1639 qrrando
580 1574 680 1637 genus
702 1553 851 1617 Herculis
873 1552 985 1618 estist'

198 1658 337 1740 Obstipo
358 1660 496 1723 noudum
520 1658 667 1740 luppiter
688 1668 737 1720 est
759 1656 873 1739 eapite.
960 1650 1004 1681 ’·
1073 1672 1076 1684 ·

133 1761 184 1824 Ne
207 1771 342 1823 stantum
366 1772 478 1825 eontra
501 1781 664 1822 numerum
687 1758 843 1841 trepidate
866 1757 1030 1833 virorum,

197 1862 261 1926 Sed
282 1883 424 1945 parmam
448 1861 558 1943 primis
582 1860 710 1924 obiicite
732 1856 921 1945 agminibus.

133 1962 291 2030 Proiieite
315 1986 355 2025 ex
379 1963 484 2026 eniruo
508 1963 763 2038 bennanhusun,
787 1984 845 2025 nec
866 1961 983 2025 lumina
1005 1959 1091 2030 Solis
1235 1962 1256 2024 5

198 2064 349 2146 Quaerite
372 2086 449 2148 prae
472 2064 593 2128 Mortis
617 2074 711 2128 nocte
732 2064 934 2147 soporiferae
1087 2059 1091 2070 '

134 2167 228 2231 Scitis
251 2166 351 2246 enim,
374 2166 460 2231 saevi
483 2188 576 2252 quiam
599 2166 684 2229 lacte
706 2165 837 2229 illustria
861 2165 999 2245 Martis,

199 2269 302 2349 Quam
325 2267 367 2332 sit
388 2269 544 2333 bellorum
567 2268 683 2332 nobilis
705 2268 759 2332 ille
781 2268 895 2344 liuor,

134 2373 237 2454 Saepe
258 2371 368 2455 fugam
392 2371 535 2453 experti,
559 2370 719 2455 fugientes
741 2393 836 2454 saepe
859 2369 978 2435 secuti:

196 2474 227 2538 0
250 2473 399 2550 iuvenes,
421 2494 494 2538 sors
518 2495 577 2537 vos
600 2473 679 2551 ista,
704 2494 762 2536 nec
783 2473 841 2536 iste
865 2473 953 2535 latet.

133 2577 215 2639 Nam
239 2573 295 2660 qui
316 2574 473 2639 consertis
496 2576 671 2657 clipeorum
695 2575 886 2637 umbonibus
909 2577 1025 2639 struent

196 2675 352 2740 Cominus
374 2675 404 2740 in
427 2676 549 2758 primos
572 2679 705 2740 volnere
726 2676 813 2739 ferre
836 2675 943 2750 viros,

132 2777 237 2860 Saepe
259 2776 360 2841 miuus
382 2788 518 2860 pereunt
539 2789 572 2840 et
593 2787 723 2840 servent
744 2798 829 2860 poue
851 2787 1046 2861 sequentesz

197 2881 241 2942 At
264 2879 380 2942 timidis
404 2879 506 2942 virtus
527 2877 665 2961 undique
687 2878 843 2961 disperiit.

88 3044 91 3048 .
132 2983 202 3044 Nec
224 2982 389 3066 quisquam
413 2981 508 3044 lando
534 2981 636 3044 valeat
659 2970 860 3055 memorare,
885 2980 1040 3045 malcrum

194 3085 385 3167 Degeneres
406 3082 528 3146 animos
551 3083 633 3146 mille
656 3093 773 3168 quauta
795 3093 956 3165 premunt.

132 3185 243 3267 Turpe
265 3183 380 3248 etenim
403 3185 530 3267 trepido
552 3185 726 3269 fugientem
749 3184 873 3268 proelia
895 3205 992 3248 eursu
1108 3212 1110 3217 ·

194 3285 321 3350 lrnbelli
345 3289 445 3351 dorso
468 3289 601 3351 volnera
623 3286 806 3369 suscipere:

131 3389 243 3470 Turpe
266 3397 298 3450 ct
319 3387 473 3470 pulverea
497 3398 631 3452 stratum
655 3390 768 3453 tellure
791 3392 946 3465 cadaver,
1011 3391 1013 3395 ’

164 3520 167 3526 ·
194 3489 294 3553 Culus
317 3490 357 3551 ab
380 3489 490 3552 hostili
511 3490 643 3573 cuspide
665 3503 756 3575 terga
778 3474 907 3555 rubent.

130 3589 194 3654 Sed
216 3593 299 3654 bene
320 3612 515 3674 progressus
537 3593 626 3657 utiles
649 3595 729 3676 pede
751 3593 852 3656 calcet
873 3605 1013 3678 utroque
1116 3634 1119 3638 ·

194 3692 357 3755 Tellurem
380 3704 412 3757 et
433 3693 673 3759 lebrmndeute
695 3706 819 3778 premat
840 3694 961 3759 tacitos

130 3791 216 3856 Crus
237 3793 383 3878 latosque
404 3795 555 3860 humeros
578 3805 611 3859 et
631 3807 744 3880 peetus
764 3798 851 3860 lorte
871 3797 1049 3882 femurque
1107 3832 1108 3837 κ

193 3896 361 3959 Veutroso
384 3895 506 3977 clipeus
528 3897 654 3962 ferreus
676 3901 761 3963 orbe
783 3909 891 3981 teget3
1011 3965 1014 3971 ,
1120 3944 1123 3949 ,

128 3995 273 4060 Dextera
297 3999 351 4058 sed
375 3997 511 4060 validam
533 4020 653 4063 summa
675 3999 707 4064 vi
729 4011 879 4082 torqueat
902 4001 1050 4078 hastam,¹
1211 4000 1251 4066 25

193 4099 333 4161 Prnnetu
358 4110 388 4159 et
405 4100 534 4181 galeam
557 4101 653 4165 crista
675 4101 900 4184 supervolitet.
1064 4091 1065 4096 ἵ

128 4199 252 4264 Discite
276 4199 463 4282 belligerant
486 4201 635 4270 racundo
657 4203 787 4270 fortiter
809 4215 927 4283 artem,

177 4302 265 4356 Eetogae
280 4302 337 4343 rou.
351 4296 410 4344 ιη’
979 4307 1020 4371 22
