2782 4762
419 368 516 431 LXI.
553 365 732 431 Eiusdem.
769 368 828 448 (L.
853 366 979 476 ⁵2⁶2)

139 476 283 555 Antoni,
308 477 430 542 Phario
452 477 495 540 nil
519 478 684 542 obiecture
707 479 868 554 Pothino,

200 583 244 644 Et
266 580 369 644 levius
393 580 498 643 taluda
522 602 614 663 quam
638 579 799 646 Cicerone
820 600 961 646 nocens:

136 683 220 764 Quid
244 683 382 767 gladium
406 685 533 745 demens
556 685 702 746 Romana
724 682 856 767 stringis
877 680 1016 747 in-orai'

200 787 276 850 Hoc
299 785 474 847 admisisset
496 807 555 848 nec
577 784 713 849 Catilina
735 785 838 848 nefas.

136 887 259 970 Impius
279 888 411 951 infando
434 886 523 950 miles
545 886 764 969 corrumpitur
785 908 866 953 auro

200 992 244 1053 Et
267 990 360 1053 tantis
383 991 499 1072 opibus
522 1010 590 1054 vox
612 1001 697 1053 tacet
719 1010 779 1052 una
802 989 874 1054 ribi.

136 1093 220 1173 Quid
243 1104 379 1174 prosunt
400 1114 509 1155 sacrae
531 1092 672 1180 pretiosa
695 1092 816 1156 silentia
839 1092 989 1178 linguae?

199 1197 359 1279 Incipient
380 1217 489 1261 ornnes
511 1211 573 1279 pro
598 1180 759 1262 Cicerone
779 1196 882 1281 loqui.

411 1359 528 1421 oxu.
549 1355 740 1443 vossuum.
775 1356 833 1436 (n.
857 1358 890 1419 1.
913 1357 983 1436 sc.)

135 1467 190 1546 si,
216 1469 364 1545 Lucane,
390 1466 465 1545 tibi,
491 1467 544 1531 vel
566 1467 592 1530 si
613 1465 690 1544 tibi,
715 1467 828 1544 Tulle,
854 1470 1021 1548 darentur,

200 1571 311 1650 Qualia
334 1569 456 1634 Ledaei
478 1569 542 1632 lata
566 1571 716 1634 Lacones
737 1569 875 1648 habent,

135 1674 263 1737 Nobilis
287 1674 365 1737 haec
387 1684 472 1737 essct
493 1671 620 1756 pictatis
642 1669 716 1735 rixa
738 1673 883 1749 duobus,

197 1774 295 1854 Quod
316 1795 377 1856 pro
400 1773 501 1837 fratre
524 1772 606 1836 mori
629 1773 727 1837 vellet
749 1785 883 1859 uterque
904 1771 1009 1857 prior.

134 1875 265 1940 Diceret
288 1876 427 1939 infernas
450 1887 481 1938 ct
504 1874 558 1959 qui
580 1874 673 1958 prior
695 1872 770 1939 isset
792 1877 832 1938 ad
853 1875 1001 1940 umbras:
1119 1878 1123 1887 ’

199 1979 286 2042 Vive
308 1989 384 2055 tuo,
406 1977 526 2052 frater,
550 1988 718 2060 tempore,
741 1976 817 2043 rire
840 1998 928 2045 meo.

406 2095 540 2184 exui.
569 2114 747 2182 Eiusdem.
777 2119 836 2198 (n.
859 2117 892 2183 s.
915 2117 983 2198 sa.)

136 2230 233 2310 Quod
256 2248 382 2311 semper
402 2250 556 2310 superos,
580 2226 683 2292 invito
704 2229 824 2307 fratre,
847 2227 991 2314 rogasti,

196 2334 290 2408 Hoc,
315 2334 467 2407 Lucane,
491 2329 551 2395 tibi
572 2330 731 2416 contigit,
755 2343 827 2396 ante
848 2330 943 2398 mori.

133 2434 259 2498 Invidet
280 2433 333 2498 ille
355 2433 433 2497 tibi:
457 2432 585 2519 Stygias
606 2455 679 2497 nam
702 2434 816 2498 Tullus
838 2435 998 2499 aduodes

197 2537 361 2619 Optabat,
383 2534 529 2619 quamvis
551 2535 593 2625 sit
613 2535 734 2612 minor,
758 2534 807 2627 ire
828 2534 934 2620 prior.

134 2639 187 2702 Tu
209 2637 288 2702 colis
311 2637 442 2717 Elysios
464 2637 669 2727 nemorisque
690 2636 853 2702 habitator
874 2637 1002 2704 amoeni

196 2742 278 2804 Esse
299 2753 356 2805 tuo
378 2739 516 2822 primum
538 2761 621 2803 nunc
643 2739 711 2803 sine
731 2740 832 2804 fratre
853 2739 957 2823 cupis.

133 2843 178 2906 Et
199 2841 227 2907 si
247 2841 308 2906 iam
330 2842 435 2906 nitidis
457 2842 599 2907 alternus
622 2841 770 2906 venit-ab
793 2843 907 2921 astris,

195 2946 265 3011 Pro
287 2938 431 3011 Polluce¹
446 2966 556 3011 mones
580 2942 720 3011 Castora
740 2965 780 3009 ne
801 2946 924 3008 redeat.

383 3044 525 3153 cxiv(
547 3084 726 3151 niueum.
760 3085 818 3165 (n.
842 3085 895 3149 ιο.
918 3082 991 3167 rs.)

132 3195 201 3259 Iam
224 3207 369 3261 numerat
389 3196 519 3281 placido
541 3195 621 3261 felix
642 3194 803 3262 Antonius
824 3216 907 3261 aevo

195 3299 385 3379 Quindecies
408 3311 493 3363 actas
515 3298 645 3364 Primus
668 3298 893 3382 Olympiadas3

130 3401 394 3485 Praeteritosque
416 3396 482 3466 dies
503 3413 536 3464 et
557 3412 645 3466 totos
665 3398 798 3484 respicit
818 3422 939 3481 annos,

192 3507 264 3569 Nec
286 3502 397 3566 metuit
417 3504 539 3567 Lethes
559 3503 621 3567 iani
642 3503 808 3586 propioris
831 3524 941 3588 aquas.

129 3607 225 3670 Nulla
249 3605 433 3669 recordanti
453 3606 510 3669 lux
531 3618 579 3670 est
599 3606 731 3690 ingrata
749 3605 942 3690 gravisque,

193 3709 286 3771 Nulla
310 3707 415 3784 subit,
439 3707 528 3771 cuius
550 3728 613 3772 non
636 3707 814 3772 meminisse
835 3708 925 3772 velit.

128 3810 272 3892 Ampliat
294 3809 403 3874 aetatis
425 3809 560 3892 spatium
581 3809 641 3873 sibi
663 3810 859 3875 virbonus:
882 3812 947 3875 hoc
969 3821 1017 3876 est

192 3913 317 3976 Vivere
338 3912 407 3989 bis,
433 3912 497 3976 vita
519 3932 615 3995 posse
634 3912 746 3995 priore
765 3911 847 3977 frui.
908 3976 911 3981 ,
947 3899 950 3903 ’

392 4054 505 4119 LXV·
541 4051 721 4117 Eiusdem.
758 4051 817 4130 (L.
841 4051 894 4116 12.
918 4051 1002 4132 dd.)

128 4160 248 4238 Unice,
273 4173 415 4245 cognato
437 4162 576 4225 iunctum
600 4161 676 4227 mihi
695 4162 851 4248 sanguine
871 4184 1006 4244 nomen,

193 4264 321 4352 Quique
343 4263 429 4352 geris
451 4264 563 4330 studiis
584 4268 683 4332 corda
699 4266 887 4352 propinqua
901 4266 1003 4332 meisa
1120 4334 1124 4339 .
1184 4314 1187 4321 .
