2782 4762
193 346 359 431 Spongia:
385 346 568 411 muneribus
591 343 742 410 convenit
763 343 816 409 illa
840 342 932 408 meis.

130 454 206 516 Nou
230 463 366 533 possunt
388 462 518 513 nostros
542 450 678 522 iustiliae,
702 447 870 522 Faustine,
896 446 1009 509 liturae
1061 491 1065 501 ,

195 556 374 617 Emendare
397 552 508 626 ioeos;
533 573 592 613 tina
614 551 710 612 litura
734 561 857 632 potest.

374 693 544 758 XXXIV.
578 689 757 754 Eiusdem.
794 690 852 766 (L.
877 690 909 751 l.
932 687 1001 767 32.)

131 808 174 868 Et
197 804 273 866 latet
295 814 326 866 et
348 803 432 865 lueet
456 800 693 867 Phaethontide
716 800 843 863 condita
866 811 975 884 gutte,

197 909 241 971 Ut
265 905 412 968 videntur
433 905 500 986 apis
523 915 650 966 nectare
673 903 778 965 clausa
801 925 875 966 suo.

130 1010 273 1093 Dignum
297 1019 456 1069 tantorum
479 1007 614 1088 pretium
638 1005 710 1067 tulit
732 1005 783 1068 itta
807 993 972 1068 laborum:
1045 1070 1047 1075 ⁴

196 1109 361 1175 Credibile
385 1120 433 1172 est
455 1107 554 1191 ipsam
577 1107 623 1169 sie
646 1106 786 1170 voluisse
809 1106 904 1171 tironi.

386 1250 535 1312 XXXV.
569 1246 749 1311 Eiusdem.
786 1247 844 1325 (L.
868 1247 900 1306 lt.
925 1246 991 1324 lt.)

131 1361 216 1441 Quid
239 1359 431 1423 recitaturus
454 1358 632 1420 eiremudns
655 1358 775 1420 vellera
798 1355 908 1420 eollo?

195 1461 402 1555 Conveniunt
426 1460 544 1524 nostris
568 1459 699 1522 auribus
721 1460 773 1522 illa
800 1459 914 1542 magis.

370 1601 540 1666 XXXVI.
579 1599 754 1664 orassem.
788 1582 846 1678 (n.
871 1598 903 1661 n.
936 1598 1003 1677 n.)

131 1714 267 1799 Exigis,
291 1715 463 1776 tetdonem
487 1722 616 1773 nostros
638 1709 715 1784 tibi,
741 1709 878 1790 Quinte,
903 1708 1046 1771 libellos:

194 1820 269 1879 Non
292 1817 415 1888 habeo,
440 1816 496 1875 sed
519 1814 613 1874 babet
636 1811 812 1892 bibliopola
836 1813 1009 1892 Tryphon.

131 1919 198 1982 Aes
221 1921 305 1981 dabo
328 1938 391 1998 pro
415 1915 509 1999 nugis
532 1927 562 1978 et
586 1937 685 1977 emam
709 1925 760 1975 tun
785 1913 921 1974 enmnins
945 1912 1062 1976 sanus?

195 2023 289 2098 Non,
316 2018 444 2102 inquis,
466 2017 578 2081 faeiem
603 2029 665 2079 tom
688 2016 788 2078 fatue.
833 2017 903 2078 Nee
925 2035 1002 2099 ego.

377 2138 568 2204 XXXVII.
605 2137 785 2203 Eiusdem.
824 2138 880 2215 (L.
904 2137 936 2200 5.
961 2137 1010 2216 9.)

130 2252 361 2333 Langnebom3
385 2253 440 2312 sed
462 2261 496 2312 tu
519 2248 687 2312 ensuitatns
710 2248 854 2330 protinus
878 2249 916 2309 nd
940 2269 989 2310 me

195 2351 324 2414 Venisti
345 2363 494 2427 eentum,
519 2352 724 2432 symmache,
750 2349 927 2431 discipulis.

131 2448 269 2515 Centum
293 2471 342 2512 me
364 2449 499 2532 tetigere
521 2471 631 2511 mantis
654 2447 803 2531 aquilone
827 2428 973 2529 gelatae:

194 2554 270 2615 Non
294 2551 391 2613 habui
412 2546 555 2626 febrem,
581 2552 789 2629 Symmaebe,
812 2571 895 2610 nune
917 2551 1034 2612 habeo.

356 2673 564 2738 XXXVIII.
597 2669 776 2735 Eiusdem.
813 2671 871 2750 (L.
896 2670 929 2733 5.
954 2671 1022 2751 tn.)
1065 2727 1071 2739 ,

132 2784 226 2858 Siren,
251 2782 378 2859 fateor,
407 2803 594 2864 semperque
617 2780 680 2858 lui,
707 2779 911 2854 Callistrste,
935 2801 1076 2864 pauper,

122 2966 128 2971 .
195 2887 257 2948 Sed
280 2907 342 2946 non
366 2888 523 2948 obscurus
546 2906 604 2947 nee
626 2885 705 2947 male
729 2896 824 2947 notus
846 2903 966 2965 eques:

130 2987 195 3048 Sed
219 2998 289 3051 toto
312 2988 407 3070 legor
430 2987 509 3050 o'rbe
531 2987 684 3071 frequens
707 2997 737 3049 et
760 2985 895 3059 dieitur,
920 2983 1009 3061 „Hie
1030 2985 1127 3050 est!''

194 3089 357 3171 Quodque
382 3087 461 3151 einis
484 3088 612 3170 paneis,
638 3089 701 3152 hoe
723 3086 799 3150 mibi
821 3087 886 3149 vita
910 3085 1008 3151 dedit.
1052 3096 1054 3101 ’

129 3189 177 3252 At
201 3201 255 3251 tua
278 3191 423 3252 centenis
446 3185 632 3251 incumbunt
653 3200 736 3252 tecta
759 3189 915 3254 columnis
1235 3193 1253 3255 5

197 3293 240 3352 Et
263 3284 431 3354 libertinas
454 3313 527 3352 aren
551 3292 697 3375 flagellat
718 3314 816 3374 opes3

129 3393 318 3474 Magnaque
341 3392 484 3454 Niliacae
507 3392 607 3457 servit
629 3393 686 3455 tibi
709 3387 803 3478 gleba
828 3397 969 3477 Syenes,

195 3495 326 3555 Tondet
349 3503 381 3555 et
403 3493 588 3558 innumeros
611 3496 735 3560 Gallica
757 3498 883 3570 Parma,
898 3521 1030 3582 greges.

129 3594 206 3657 Hoc
229 3616 293 3676 ego
315 3606 412 3677 tuque
434 3616 559 3670 stunns3
583 3598 638 3658 sed
661 3600 857 3680 quodsum,
883 3620 946 3662 non
969 3612 1071 3685 potes⁸
1087 3620 1177 3678 esso:

194 3698 245 3758 Tu
269 3698 357 3779 quod
379 3718 432 3771 es,
457 3718 474 3758 e
497 3697 624 3779 populo¹
645 3697 777 3781 quilibet
800 3720 870 3763 esse
891 3712 1012 3782 potest.
1214 3705 1255 3766 tu

375 3818 546 3883 XXXIX.
580 3811 759 3882 nemnem.
794 3821 855 3902 (n.
879 3822 910 3905 o.
935 3823 1006 3902 ω.)

127 3931 275 4001 Laudat,
302 3939 400 4003 aurat,
426 3938 531 3990 cantat
553 3934 683 3994 nostros
707 3952 774 3994 mea
798 3933 903 3996 Roma
925 3932 1053 3998 libellos

193 4031 317 4113 Meque
341 4029 427 4090 siuns
452 4029 573 4106 omnis,
600 4051 649 4094 me
671 4054 782 4095 mamis
805 4032 907 4097 omnis
929 4034 1041 4099 habet.
1077 4029 1081 4037 ¹

128 4133 215 4195 Eeee
239 4135 332 4193 rubet
349 4129 503 4224 tepentium,
527 4132 644 4213 pallet,
669 4144 792 4215 stupet,
818 4135 951 4210 oscitat,
977 4136 1065 4202 odit:

192 4236 267 4298 Hoc
291 4234 388 4308 volo;
411 4254 493 4296 nune
515 4233 609 4298 nobis
632 4235 770 4300 earmina
792 4247 904 4301 nostra
925 4239 1067 4322 placent.
