2782 4762
172 167 191 229 2

109 403 110 406 Ἴ
174 323 337 389 auditores
358 320 479 386 scholis
507 342 578 383 cum
599 321 708 384 fructu
734 320 932 403 excipiendis
962 343 1029 386 sese
1054 323 1290 405 praeparaturi.

173 427 368 494 Exhibcnda
387 424 481 489 etiam
511 437 602 489 erant
626 424 784 487 interdum
814 425 949 489 aliorum
973 425 1170 508 scriptorum
1193 431 1292 490 verba

174 554 262 596 meos
283 527 492 606 illustrantia,
516 527 685 614 quominus
705 527 857 590 dictando
873 540 1031 593 tereretur
1046 541 1170 612 tempus
1185 531 1291 593 vivam

173 632 374 718 potissimum
408 631 554 717 magistri
587 653 702 695 vocem
739 631 934 694 desiderans.
994 634 1168 696 Praeterea
1197 657 1291 720 quum

173 740 258 801 haud
284 735 381 820 pauci
410 747 596 799 nostrorum
622 745 743 797 mature
766 733 827 796 iam
854 733 985 799 criticae
1009 735 1176 799 doctrinae
1198 759 1292 819 prac-

174 840 275 923 ceptis
307 837 453 902 initiandi
481 837 544 900 siut
574 859 612 900 ac
640 837 872 921 theologorum
895 860 1025 923 quoquc
1050 838 1213 924 ingenium
1242 839 1292 902 his

173 942 285 1008 studiis
308 952 439 1006 acuatur
460 951 695 1025 sevoceturque
710 962 734 1002 ‘a
751 939 883 1003 somniis
902 940 1132 1017 fanaticorum,
1158 941 1293 1026 diligen-

172 1046 235 1110 tins
264 1045 358 1110 etiam
390 1066 484 1129 quam
506 1043 540 1106 in
558 1042 717 1119 tironum,
749 1055 782 1106 ut
805 1043 968 1128 inquiunt,
1006 1068 1079 1107 usus
1104 1047 1292 1131 plerumque

174 1150 257 1214 solet
289 1169 418 1212 necesse
448 1145 578 1222 haberi,
616 1150 805 1210 enotandam
838 1170 877 1209 ac
907 1146 1137 1210 diiudicandam
1168 1150 1293 1231 suscepi

172 1251 322 1316 lectionis
344 1248 574 1313 diversitatem.
619 1249 825 1314 Paucissimis
861 1249 997 1335 denique
1032 1249 1141 1313 verbis
1175 1262 1209 1312 ut
1243 1251 1293 1314 his

174 1355 323 1421 omnibus
343 1353 553 1437 defungerer,
590 1351 660 1434 ipsa
680 1352 783 1416 libelli
805 1352 924 1416 utilitas
946 1356 1115 1427 suadebat;
1153 1354 1291 1416 carmina

173 1458 275 1536 enim,
306 1478 372 1522 non
393 1456 616 1520 adnotationes
637 1455 661 1519 ii
680 1460 849 1539 petebant,
872 1456 987 1542 quibus
1010 1468 1077 1520 crat
1100 1457 1291 1520 destinatus:

103 1578 106 1585 ’
174 1565 247 1646 [nec
269 1582 350 1625 vero
372 1561 592 1623 tantummodo
609 1563 649 1622 ad
663 1559 819 1624 lectiones
833 1560 1001 1642 publicas:
1027 1560 1177 1625 volebam
1192 1561 1292 1636 euim,

173 1677 209 1729 ut
230 1664 317 1729 dorni
340 1685 470 1749 quoque
488 1665 659 1739 haberent,
683 1662 800 1747 quibus
816 1686 884 1727 sese
904 1664 1111 1726 delectarent.
1157 1664 1294 1728 Minime

174 1780 295 1844 autem,
319 1769 398 1830 haec
423 1766 584 1842 scribens,
611 1768 815 1848 reprehendo
840 1769 923 1829 VV.
947 1767 1020 1831 CC.
1041 1767 1292 1830 Lindemannum

173 1871 308 1953 (1823.)
329 1881 361 1934 et
386 1871 429 1934 Ο.
453 1868 638 1933 Schulzinm
661 1870 811 1950 (1825.);
846 1892 935 1932 suum
956 1870 1038 1933 enim
1057 1882 1192 1956 uterque
1216 1893 1294 1934 con·

175 1974 280 2037 silium
306 1985 433 2037 secutus
462 1984 510 2036 est
538 1985 569 2035 et
597 1972 631 2034 in
662 1971 799 2035 diversis
816 1972 1019 2058 ,regionibus
1047 1985 1142 2061 atque
1173 1974 1294 2039 scholis

177 2075 398 2159 compluribus
420 2073 534 2138 similis
554 2075 677 2138 moduli
695 2098 732 2138 ac
748 2076 873 2160 generis
895 2076 1028 2153 libellis,
1050 2089 1085 2140 ut
1108 2078 1193 2141 inter
1214 2079 1295 2139 mul-

175 2192 227 2244 tos
257 2179 350 2243 etiam
387 2183 474 2241 meus
506 2189 569 2255 est,
606 2176 713 2242 locum
742 2200 810 2242 csse
837 2179 945 2244 video.
997 2183 1171 2245 Praeterea
1200 2202 1293 2244 nemo

178 2282 256 2346 mihi
279 2282 359 2347 vitio
382 2293 505 2359 vertet,
527 2284 617 2366 quod
636 2301 707 2345 meo
730 2303 771 2345 ex
793 2304 902 2359 sensu,
927 2305 1020 2368 quem
1037 2282 1159 2347 erroris
1178 2305 1295 2366 exper-

175 2399 239 2451 tem
261 2408 420 2472 nunquam
442 2387 633 2468 praestabo,
669 2384 702 2447 in
732 2384 878 2449 omnibus
909 2385 970 2449 mei
997 2385 1100 2466 libelli
1131 2385 1295 2469 partibus,

176 2489 271 2554 etiam
292 2489 326 2553 in
354 2492 416 2552 hac
448 2489 548 2552 altera
573 2487 732 2564 editione,
771 2510 808 2551 ca
836 2500 962 2552 secutus
988 2510 1073 2564 sum,
1110 2511 1192 2575 qnae
1220 2512 1296 2553 verc

176 2592 309 2675 poetica
330 2591 408 2656 mihi
429 2590 498 2655 visa
513 2603 599 2667 sunt,
616 2591 671 2654 alii
691 2590 752 2654 alia
769 2612 866 2676 quum
887 2591 1109 2673 praetulerint.
1134 2594 1295 2672 numum]

239 2699 325 2772 Iam,
350 2695 466 2781 quibus
483 2693 633 2758 subsidiis
645 2716 718 2757 usus
734 2693 860 2779 singula
875 2693 1098 2770 tractaverim,
1122 2698 1294 2758 enarrabo.

239 2802 278 2863 In
306 2797 500 2862 Lucretii
527 2796 656 2884 quidem
688 2798 782 2862 locos
819 2797 957 2860 selectos
986 2802 1200 2862 recensendos
1225 2799 1296 2880 plus

76 2892 79 2897 ⁵
175 2903 285 2990 utique
306 2901 430 2966 laboris
451 2900 670 2965 insumendum
693 2900 772 2976 tuit,
796 2923 890 2985 quam
905 2899 1070 2983 propositi
1084 2900 1168 2964 ratio
1184 2912 1297 2983 postu-

174 3007 242 3070 lare
262 3005 400 3089 primum
422 3005 604 3068 videbatur.
650 3002 805 3085 Quamvis
828 3003 910 3067 euim
926 3003 1179 3079 Eichstaedtius,
1203 3026 1296 3088 quem

174 3110 349 3192 praecipue
379 3120 505 3173 secutus
534 3130 619 3182 sum,
656 3107 771 3187 (etiam
799 3107 832 3170 in
860 3106 1022 3170 scribendi
1050 3105 1197 3182 rati0nc,
1232 3129 1298 3170 non

174 3225 279 3276 tamen
295 3232 522 3299 usquequaque
536 3208 600 3292 ipsi
613 3208 701 3273 Viro
719 3209 896 3274 clarissimo
916 3213 1122 3292 postmodum
1138 3212 1297 3293 probata)

174 3328 365 3399 perpetuum
384 3311 580 3378 Wakefieldi
598 3334 764 3376 censorem
787 3325 1072 3398 correctoremque
1091 3317 1187 3377 docte
1203 3324 1298 3398 atque

175 3419 339 3503 eleganter
372 3415 506 3501 egisset,
539 3414 749 3479 nihilominus
785 3415 956 3502 aliquoties
985 3419 1083 3479 modo
1113 3419 1296 3490 amborum,

176 3524 274 3585 modo
291 3518 420 3583 alterius
431 3517 535 3581 utrius
548 3517 774 3582 anctoritatem
788 3522 935 3583 deserere
952 3541 1044 3583 ausus
1059 3541 1140 3581 sum.
1164 3521 1247 3581 Nam
1263 3540 1299 3580 ea

175 3623 329 3706 profecto
354 3620 534 3685 etiamnunc
556 3632 604 3685 est
625 3621 770 3686 conditio
793 3621 943 3687 carminis
960 3621 1169 3698 Lucretiani,
1194 3632 1227 3684 ut
1249 3621 1298 3682 in-

177 3725 316 3788 defessas
337 3724 440 3787 futuri
458 3723 596 3788 editoris
620 3747 713 3788 curas
735 3724 895 3811 requirat,
932 3724 990 3811 qui
1016 3724 1158 3789 studiose
1187 3746 1298 3787 rursus

177 3827 321 3892 excussis
348 3826 517 3892 codicibus
539 3826 797 3914 editionibusquc
825 3829 967 3893 innova
992 3827 1179 3893 recensione
1202 3831 1299 3892 ador·

176 3933 280 3995 nanda
301 3931 458 3995 elaboret.
503 3933 579 4016 Ego
599 3953 680 3996 vero
701 3944 732 3995 et
749 3931 843 3995 libris
859 3931 1007 4015 scriptis,
1031 3944 1079 4008 ct,
1103 3934 1192 4019 quod
1206 3929 1299 3995 nimis

176 4056 275 4119 aegre
297 4033 376 4111 tuli,
400 4034 527 4099 Iuntina
547 4032 743 4116 editionem)
757 4029 951 4113 destitutus,
974 4035 1052 4121 quid
1070 4034 1103 4098 in
1123 4031 1298 4099 tractandis

232 4253 267 4317 θ’)
285 4257 351 4303 lianc
369 4258 511 4303 stulterum
528 4256 640 4302 Aldiuam
659 4270 720 4302 nunc
739 4257 792 4313 ipse
811 4257 875 4302 domi
894 4256 980 4303 habco.
1017 4254 1066 4302 Ed.
1086 4256 1131 4301 ott.
