2782 4762
186 122 276 244 esa·

188 340 255 403 Ora
277 336 435 420 puellares
456 331 579 399 iaciunt
593 327 720 396 'incerta
743 328 865 415 capilli,
951 397 954 405 ,
1096 400 1101 409 ,

186 439 360 505 Naturae
352 437 487 520 imperio
511 434 688 520 gemimus,
714 456 811 514 quoin
832 436 928 498 furnus
951 433 1074 499 adultae

186 540 333 627 Virginis
357 539 500 603 occurrit
521 539 576 601 vel
597 549 684 600 terra
708 537 865 600 clauditur
885 536 990 601 iulans
1330 620 1336 629 .

185 646 230 709 Et
252 643 356 705 minor
376 641 451 725 igne
473 638 562 722 rogi.
607 639 687 718 Quis
709 638 790 702 enim
813 640 917 702 bouus
939 651 970 702 et
992 638 1063 703 face
1085 636 1201 724 dignus
1245 639 1310 713 110

185 747 332 822 Arcana,
355 743 479 827 qualem
503 739 634 806 Cereris
657 741 726 804 volt
748 762 818 804 esse
839 744 1009 817 sacerdos,

186 847 261 912 Ulla
284 845 383 908 aliena
408 843 468 907 sibi
491 846 600 906 credat
622 841 726 906 mala?
748 845 885 926 Separat
907 845 971 907 hoc
992 863 1052 907 nos

185 953 218 1015 A
243 969 344 1033 grege
367 957 526 1009 mutorum
549 956 643 1029 atque
664 944 738 1009 ideo
761 945 945 1009 venerabile
966 944 1030 1010 soli

186 1050 302 1117 Sortiti
324 1049 483 1132 ingenium
507 1047 750 1133 divinorumque
772 1070 905 1130 capuces

185 1157 296 1236 Atque
320 1149 508 1215 exercendis
531 1149 758 1234 capiendisque
780 1151 900 1215 ortibus
923 1151 1009 1234 apti,
1246 1153 1310 1217 145

187 1258 320 1320 Sensum
343 1274 359 1315 a
382 1250 511 1316 caelesti
534 1250 700 1315 demissum
723 1252 878 1316 traximus
902 1275 998 1332 arce,

186 1356 289 1423 Cuius
312 1366 408 1439 egent
429 1375 532 1436 prona
556 1365 588 1417 et
610 1351 729 1417 terram
751 1355 939 1436 spectantia.
985 1356 1102 1421 Mundi

186 1457 356 1540 Principio
377 1455 507 1519 indulsit
528 1456 703 1519 communis
725 1457 874 1520 conditor
894 1457 956 1521 illis

187 1564 326 1624 Tantum
350 1558 484 1635 animas,
508 1556 602 1622 nobis
625 1556 760 1621 animum
783 1580 933 1642 quoque3
957 1572 1083 1624 mirtuus
1105 1572 1140 1625 ut
1162 1581 1221 1627 nos

184 1664 332 1727 Affectus
354 1672 465 1743 petere
487 1659 638 1723 auxilium
662 1671 693 1722 et
714 1673 879 1742 praestare
900 1661 1043 1739 iuberet,
1244 1665 1309 1729 150.
1334 1643 1340 1657 ⁴

184 1766 361 1847 Dispersus
383 1765 511 1826 trahere
532 1760 563 1825 in
585 1763 758 1843 populum,
784 1757 923 1847 migrare
946 1776 1074 1830 vetusto

184 1868 237 1933 De
258 1887 391 1930 nemore
414 1878 446 1929 et
467 1863 598 1947 proavis
620 1863 778 1927 habitatas
800 1864 943 1950 linquere
965 1867 1080 1946 silvas,
1182 1908 1189 1916 -

186 1969 369 2034 Aedificare
391 1969 528 2044 domos,
563 1966 706 2029 Laribus
727 1966 923 2050 coniungere
946 1968 1065 2032 nostris

186 2073 322 2135 Tectum
345 2069 449 2147 aliud,
473 2080 560 2132 tutos
583 2067 690 2131 vicino
713 2066 819 2132 liminb
841 2090 972 2134 somnos

185 2174 231 2240 Ut
253 2172 366 2236 collata
390 2173 481 2234 daret
501 2169 635 2233 fiducias
659 2180 837 2253 protegere
859 2170 955 2235 armis

185 2277 330 2356 Lapsum
353 2283 407 2335 neit
428 2271 548 2356 ingemi
570 2272 886 2350 nutantemvoluere
909 2273 1029 2353 civem,

187 2375 360 2442 Communi
381 2377 457 2437 dare
478 2374 571 2459 signa
592 2377 687 2452 tuba,
712 2372 877 2438 defendier
899 2377 996 2438 isdem

187 2477 350 2541 Turribus
372 2487 467 2561 atque
489 2495 552 2538 tina
573 2485 740 2558 portarum
762 2477 853 2541 clave
875 2477 989 2541 teneri.
1036 2527 1041 2533 .

187 2582 253 2646 Sed
273 2579 333 2643 iam
356 2588 539 2662 serpentum
562 2577 665 2642 maior
687 2579 877 2644 concordias
901 2578 1005 2663 parcit

186 2681 347 2764 Cognatis
370 2679 499 2743 maculis
522 2678 632 2743 similis
654 2680 737 2744 sera.
771 2667 919 2762 ¹Quando
943 2679 1030 2746 leoni
1244 2683 1309 2746 160

185 2784 320 2849 Fortior
343 2782 461 2867 eripuit
483 2782 580 2846 vitam
601 2781 680 2847 leo?
701 2803 767 2868 quo
790 2804 923 2848 nemore
945 2805 1085 2871 unquam
1152 2829 1153 2832 ι

185 2884 375 2968 Exspiravit
396 2906 474 2968 aper
496 2883 624 2948 maionis
647 2885 795 2948 dentibus
817 2885 911 2968 apri?
1047 2966 1050 2973 Ι

186 2988 297 3053 ludica
319 2986 410 3072 tigris
433 2986 500 3071 agit
520 2979 630 3050 rabida
652 3009 723 3063 cum
745 2982 995 3072 tigride'pacem

186 3091 402 3172 Perpetuama
426 3088 530 3152 saevis
552 3088 636 3152 inter
658 3110 692 3152 se
714 3089 867 3153 convenit
889 3090 984 3156 ursis.
1291 3174 1294 3179 ἡ

186 3193 250 3257 Ast
270 3190 393 3255 bomini
413 3191 533 3255 ferrum
554 3186 649 3255 letale
672 3191 785 3267 incude
812 3190 946 3258 nefanda
1066 3258 1069 3264 ,
1242 3195 1308 3261 165

185 3293 386 3358 Produxisse
408 3314 518 3376 parum
542 3304 607 3366 est;
630 3315 727 3408 qurum
750 3304 854 3357 rastra
876 3316 913 3358 ac
933 3297 1058 3362 sarcula
1080 3307 1201 3402 tautum
1306 3310 1311 3331 ⁴

185 3394 318 3461 Assueti
340 3416 480 3480 coquere
502 3407 534 3460 et
555 3394 667 3459 marris
689 3417 727 3460 ae
748 3396 879 3462 uomere
900 3397 976 3463 lassi

185 3576 230 3608 uec
245 3563 402 3607 delicatorum
421 3552 528 3615 ιιιιῑιιιιιςΙ
548 3564 573 3604 ut
591 3558 708 3618 significet
726 3561 764 3606 bic
781 3561 911 3616 Repertus.
947 3561 999 3607 lmo
1018 3562 1113 3608 delicati
1125 3563 1193 3619 pueri
1205 3563 1269 3609 tonsi
1283 3569 1313 3610 et

185 3632 337 3685 circumcisi,
359 3635 384 3673 ut
401 3630 573 3683 demonstrarit
591 3629 748 3674 casaubonus
759 3632 788 3675 ad
807 3631 905 3677 Suetou.
918 3632 981 3689 Aug.
994 3629 1074 3680 ets.
1093 3632 1179 3677 Talem
1196 3645 1255 3677 vero
1267 3647 1309 3678 re·
1349 3656 1353 3663 ·

185 3705 340 3757 praeseuture
360 3699 449 3752 notuit,
470 3700 512 3743 sed
532 3699 603 3746 bouis
621 3700 750 3754 spoliatum
768 3713 787 3745 ιι,
800 3705 894 3756 tutore,
913 3702 953 3759 qui
972 3698 1070 3756 prepter
1088 3702 1178 3747 tortum
1190 3716 1220 3746 ne
1232 3703 1314 3756 cepit.
1349 3722 1353 3731 -

184 3771 224 3814 tos
243 3770 336 3827 quidem
354 3768 511 3823 deposuerit,
536 3769 581 3817 etsi
601 3768 715 3813 liberatus
734 3770 807 3813 tutele
825 3775 852 3814 st
866 3771 1005 3816 adolescens
1022 3771 1072 3815 iam
1088 3771 1183 3824 faetus,
1202 3772 1314 3815 circum-2

185 3839 267 3884 cidere
289 3840 337 3897 iam
368 3839 485 3893 potuisset
512 3843 537 3882 et
565 3838 689 3882 debuisset
712 3851 806 3883 curnam
836 3843 860 3884 et
888 3841 1007 3895 puellares
1036 3839 1307 3895 capillos.”.Gumn.
1347 3872 1352 3881 .

187 3904 247 3952 140.
265 3905 363 3955 ,Enete
387 3906 516 3964 primores
536 3909 653 3963 ¹septimo
681 3920 768 3968 ruenqs
796 3907 874 3967 gigni
898 3907 1000 3964 dentes,
1031 3907 1101 3953 baud
1126 3907 1228 3954 dubium
1256 3915 1314 3960 cet..

184 3996 222 4010 -
237 3974 369 4031 Hoeue'ucm
385 3977 552 4035 priusquam
570 3977 656 4035 genito
673 3974 746 4020 dente
764 3977 888 4032 cremari,
905 3990 962 4022 mos
979 3978 1093 4037 gentium
1111 3990 1160 4024 nou
1172 3983 1219 4023 eeu
1238 3978 1313 4024 Plio.¹

188 4040 219 4098 7,
240 4043 281 4105 111.
330 4041 389 4089 tlt.
418 4047 488 4102 Quod
514 4045 539 4090 Ιι.
559 4047 575 4089 t.
596 4050 695 4088 narrant
713 4045 860 4100 interpretes
878 4048 1015 4102 sepulerum
1033 4047 1308 4106 infantisqmdraginta

186 4113 271 4159 diebus
284 4113 385 4157 iniuoris
399 4115 547 4167 uorninatmn
565 4128 619 4159 esse
636 4113 865 4171 rreggrundcrc'um,
885 4116 969 4161 nititur
987 4119 1130 4163 auctoritate
1148 4117 1217 4163 Fabii
1233 4117 1313 4161 Pleu..

185 4183 261 4233 eiadjs
278 4183 397 4242 Fulgentii
416 4183 527 4239 Exponit.
546 4197 684 4229 sermonum
702 4185 855 4243 antiquorum
873 4198 897 4240 p.
918 4182 976 4232 ⁵⁶0.
997 4186 1076 4231 mere.
1095 4185 1223 4241 scriptoris
1240 4199 1313 4243 meo.
1324 4217 1339 4223 ..

185 4252 267 4310 decis,
286 4258 311 4299 et
328 4251 444 4298 uocabula
462 4257 486 4309 et
503 4252 636 4310 scriptos-es
653 4249 885 4312 confligeremus.
918 4250 1102 4323 „dqdoaixoc,
1122 4255 1208 4312 quibus
1225 4267 1312 4301 saeer-
