2782 4762
132 360 303 443 Superque
326 355 440 420 eburni
462 357 578 440 pocula
599 354 777 421 Mentoris.

131 462 256 525 Natura
278 460 366 525 cultu
389 459 532 545 simplice
555 459 677 546 gratius

177 562 283 628 Divos
304 563 466 640 honorat,
487 584 591 647 prona
612 563 664 628 far
685 563 739 628 vel

218 666 308 732 Viva
329 665 414 732 focis
435 667 566 732 adolere
588 669 697 732 thura.

133 807 289 890 Quamvis
311 809 438 900 Sabaeo
459 807 573 874 funera
596 809 730 873 misceas

136 915 266 990 Odore,
289 912 424 1003 foetent.
463 913 627 998 Quidquid
648 913 680 976 in
703 911 852 976 ambitum

174 1015 295 1081 Libido
318 1016 409 1102 cogit
430 1039 487 1081 sou
507 1016 621 1081 labore

216 1122 280 1184 Seu
301 1123 428 1202 pretio,
453 1119 555 1185 minus
579 1120 725 1185 enitescit

134 1261 231 1324 Metu
254 1261 380 1324 veneni.
427 1259 592 1326 Cinnamei
614 1282 744 1347 quoque

132 1364 267 1428 Incensa
289 1363 364 1427 libri
386 1364 502 1449 pagina
524 1366 675 1449 proditur

178 1468 299 1531 Halare
321 1479 502 1549 suspectum
526 1491 695 1551 uaporem.

216 1570 356 1636 Difficile
379 1582 446 1648 est,
471 1571 626 1636 volitante
648 1572 738 1635 fumo

130 1713 237 1774 Nares
260 1714 398 1774 aduncas
421 1714 548 1774 demere
569 1711 723 1793 posteris.

131 1816 267 1896 Impune
290 1815 405 1877 Manes
429 1813 600 1877 subiiciunt
615 1813 676 1877 sibi

174 1919 356 2001 Moresque
380 1921 557 1992 censendos
580 1915 729 2002 supinant

216 2022 382 2105 Factaque
405 2021 583 2084 discutiunt
601 2043 749 2086 avorum.

131 2160 276 2225 Dicenda
297 2161 390 2244 pictis
413 2173 465 2226 'res
487 2162 629 2245 phaleris
652 2162 720 2226 sine

93 2337 96 2342 .
132 2266 176 2328 Et
199 2266 318 2348 absque
341 2266 451 2348 palpo.
496 2267 620 2330 Discite
643 2278 804 2330 strenuum

175 2369 299 2432 Audire
323 2390 447 2433 verum.
492 2371 551 2434 Me
574 2370 694 2436 sciente

217 2474 340 2537 Fabula
363 2494 428 2537 non
451 2487 626 2561 peragetur
649 2476 728 2539 ulla.

129 2615 208 2677 Non
230 2626 278 2676 est
301 2637 402 2677 meum
426 2602 618 2680 descendere
641 2620 681 2679 ad
703 2621 812 2681 oscula

130 2717 263 2799 Impura
284 2719 404 2780 Famae
427 2727 459 2780 et
479 2718 604 2801 fingere
626 2721 792 2796 bracteas;

174 2821 358 2904 Larvisque
380 2820 495 2883 luctari
518 2821 663 2903 superbis

216 2924 285 2987 Aut
307 2923 418 2986 nimias
442 2923 562 2987 acuisse
584 2926 705 2989 laudes.
723 2994 729 3008 Ι

131 3063 280 3128 Adversa
294 3069 391 3149 quod
412 3065 439 3128 si
460 3086 532 3130 sors
555 3065 634 3131 mihi
655 3065 763 3130 durius

131 3168 302 3251 Nunquam
324 3168 465 3232 ferendis
488 3170 722 3234 conditionibus

175 3272 309 3346 Obstet,
333 3273 606 3358 reluctantemque
630 3285 727 3358 cogat

214 3374 374 3438 Nonnisi
397 3375 526 3439 delicias
550 3377 701 3461 loquaces

130 3517 174 3579 Et
197 3515 353 3580 laureatas
375 3516 518 3580 scribere
542 3518 669 3594 literas;

131 3621 246 3700 Sparte
267 3619 397 3695 relicta,
423 3620 594 3703 corripiam
618 3620 716 3685 silens

173 3721 288 3806 Iniqua
309 3733 376 3785 tum
400 3723 516 3787 vindex
539 3746 647 3789 amaro

215 3825 330 3888 Secula
352 3826 586 3913 despiciamque
608 3828 687 3892 risu.

1048 1015 1086 1077 15
