2782 4762
163 208 224 272 190

227 372 286 435 llle
308 371 380 436 luit.
425 367 527 433 Matri
548 368 696 451 proxima
722 367 803 434 iusta
825 371 894 435 tuli.

164 474 289 539 Felices
312 475 406 539 ambo
429 471 685 558 tempestiveque
708 473 872 557 sepultos,

226 580 313 642 Ante
337 578 417 640 diem
441 597 565 659 poenae
587 577 676 662 quod
697 575 824 658 periere
848 583 951 643 meae!

164 682 223 746 Me
246 702 376 766 quoque
397 679 542 758 felicem,
569 678 657 764 quod
678 699 743 743 non
768 680 949 746 viventibus
970 682 1031 747 illis

228 785 304 848 Sum
329 784 476 846 miseret
498 786 535 845 de
559 803 607 845 me
629 784 717 867 quod
739 784 871 848 doluere
893 784 987 848 nihil!

162 886 197 950 Si
218 898 323 949 tamen
346 885 510 950 exstinctis
533 885 651 970 aliquid
673 885 732 948 uisi
752 886 882 951 nomina
905 899 1006 953 restat
1245 890 1288 954 85

225 991 270 1054 Et
293 988 422 1072 gracilis
444 999 585 1053 strttetos
608 988 723 1073 effugit
745 992 857 1053 umbra
880 1012 1001 1076 rogos3

161 1094 281 1168 Fama,
304 1092 499 1174 parentales,
526 1090 552 1154 si
577 1112 635 1156 vos
658 1112 726 1154 mea
749 1091 905 1178 contigit,
929 1096 1081 1173 umbrae,

224 1199 268 1260 Et
290 1194 417 1259 suntin
440 1195 559 1279 Stygio
581 1193 711 1257 erimina
735 1207 846 1259 nostra
868 1196 962 1275 loro,

162 1299 272 1375 Scite,
294 1321 431 1382 precor,
456 1318 582 1361 canuam
605 1299 678 1376 (uec
700 1317 762 1362 vos
784 1297 860 1361 mihi
882 1300 997 1364 fallere
1019 1302 1067 1365 les
1090 1305 1170 1384 est,)

226 1404 385 1467 Errorem
406 1401 528 1475 iussae,
547 1421 618 1463 -non
641 1400 762 1475 scelus,
787 1423 855 1465 esse
876 1402 989 1488 fugae.
1246 1410 1289 1473 9⁰

162 1507 317 1571 Manibus
339 1503 372 1567 id
393 1503 469 1567 satis
492 1513 553 1566 cst.
599 1503 652 1565 Ad
674 1523 734 1567 vos
757 1505 898 1568 studiosa
921 1517 1073 1572 revertor

224 1610 382 1684 Pectora,
408 1605 463 1691 qui
485 1605 569 1670 vitae
592 1604 743 1688 quaeritis
765 1616 836 1669 aeta
859 1627 959 1671 meae.

160 1712 228 1775 Iam
251 1710 325 1774 mihi
347 1709 477 1773 canities
500 1707 598 1790 pulsia
622 1707 807 1773 melioribus
830 1712 917 1775 annia

224 1816 388 1889 Venerat,
414 1811 561 1895 antiquas
583 1810 816 1896 miscueratque
839 1834 965 1878 coenas:

160 1919 307 2001 Postque
331 1937 418 1980 meos
441 1926 531 1978 ortus
554 1913 668 1977 Pisaea
691 1913 817 1977 vinctus
841 1916 927 1980 oliva

224 2021 414 2084 Abstulerat
438 2017 543 2081 decies
565 2016 704 2099 praemia
729 2016 833 2082 victor
856 2040 996 2103 equusz.

161 2124 267 2203 Quom
292 2121 385 2185 maris
408 2119 528 2184 Euxini
550 2120 675 2202 positos
699 2122 738 2182 ad
759 2120 850 2184 laeva
874 2122 1022 2186 Tomitas

225 2225 390 2306 Quaerere
414 2245 463 2285 me
484 2221 562 2285 laesi
584 2220 746 2304 Principis
769 2222 816 2285 ira
840 2223 940 2287 iubet.

162 2327 268 2394 Causa
292 2347 381 2390 meae
403 2323 526 2388 cunctis
549 2323 678 2387 nimium
702 2346 832 2408 quoquc
856 2338 933 2389 nota
954 2328 1067 2392 ruinae

223 2429 347 2495 Indicio
370 2449 434 2492 uon
457 2438 506 2490 est
527 2426 724 2489 testificanda
747 2449 831 2492 meo.
1226 2439 1289 2500 100

161 2534 246 2616 Quid
270 2531 408 2596 referam
431 2528 651 2613 comitumque
674 2528 764 2593 nefas
785 2529 988 2615 famulosque
1011 2537 1191 2602 nocentes?

223 2637 300 2719 Ipsa
324 2635 419 2698 multa
443 2632 500 2696 tuli
523 2654 588 2694 nou
610 2631 733 2694 leviora
755 2632 848 2715 luga.

161 2739 329 2825 Indignata
353 2737 445 2800 unalis·
464 2756 550 2798 mens
574 2737 852 2799 estsuccnmbere
876 2758 975 2822 seque

222 2840 389 2907 Praestitit
410 2838 561 2902 invictam
584 2836 707 2900 viribus
730 2858 787 2900 usa
809 2838 887 2902 suis.

160 2945 352 3028 Oblitusque
375 2954 472 3026 togae
495 2943 669 3023 ductaeque
692 2962 752 3022 per
775 2941 841 3005 otia
865 2942 968 3020 vitae,

221 3046 357 3112 Insolita
381 3045 451 3126 cepi
472 3044 625 3125 temporis
649 3065 735 3106 arma
759 3067 876 3121 manu3

161 3154 292 3234 Totque
315 3148 373 3211 tuli
395 3159 480 3210 terra
505 3167 595 3208 casus
618 3147 819 3230 pelagoque,
845 3161 925 3232 quot
946 3151 1031 3215 inter

123 3236 127 3246 ⁸
200 3252 394 3317 Occultum
418 3250 527 3312 stellae
550 3248 824 3333 conspicuumque
845 3251 968 3332 polum.

124 3395 127 3403 ·
161 3359 262 3420 Tacta
289 3352 365 3416 mihi
386 3356 511 3416 taudem
535 3352 639 3436 longis
663 3352 829 3415 erroribus
851 3365 924 3418 acto

224 3459 338 3522 Iuncta
360 3453 724 3539 pharetratisSarmatis
747 3475 806 3518 ora
829 3457 934 3520 Getis.
1225 3466 1288 3527 110

159 3561 225 3626 Hic
248 3583 330 3645 ego,
355 3557 495 3621 finitimis
518 3556 661 3642 quamvis
685 3556 904 3621 circumsoner
927 3563 1040 3641 armis,

223 3663 360 3740 Tristia,
387 3681 452 3746 quo
475 3682 625 3743 possum,
653 3660 790 3721 carmine
813 3661 877 3724 fata
902 3663 989 3728 levo.

230 3883 272 3931 80.
292 3885 364 3929 busta
386 3884 462 3928 codd.
482 3882 551 3926 intutu
569 3882 653 3926 Cniae.
674 3881 757 3927 Heius.
781 3885 845 3928 coni.
864 3885 984 3940 Perpetua
1003 3887 1060 3933 buce
1080 3890 1198 3936 conlusio.
1220 3893 1282 3939 stat.

160 3958 220 4002 θην,
243 3952 266 4008 3,
287 3952 312 4008 2,
335 3951 392 3997 142.
442 3951 489 3996 Aet
505 3964 570 4012 ego,
591 3949 724 4007 (narrabo)
742 3951 847 3997 devietis
866 3952 977 4000 dederim
996 3970 1059 4015 quus
1071 3957 1144 4003 lueto
1156 3959 1285 4023 Pelasgia.

159 4027 249 4071 ibidem
263 4024 348 4068 Heius.
366 4020 493 4068 etll'larkl.
515 4023 611 4065 einend.
625 4021 703 4066 lueto.
742 4019 784 4069 tt.
806 4021 892 4066 ambos
911 4025 971 4072 Cod.
993 4025 1017 4071 1.
1049 4027 1285 4087 lb.aepu1toe.Ed.

160 4097 234 4140 Em,
264 4093 349 4136 Euam.
376 4093 440 4136 coni.
466 4090 559 4149 sepulti
584 4092 666 4146 vulgo.
734 4088 774 4136 92.
796 4105 857 4150 quoe
881 4093 957 4139 Codd.
981 4097 1098 4155 plerique.
1155 4097 1196 4146 95.
1216 4115 1239 4149 ι.
1260 4117 1285 4147 u.

162 4163 222 4211 7⁶¹2,
242 4162 320 4208 Ovidii
340 4161 381 4205 tt.
402 4166 426 4204 et
443 4161 496 4207 Lll.
517 4174 589 4208 anno.
610 4174 633 4204 a.
653 4161 762 4204 Messon.
782 4174 806 4216 p.
828 4158 869 4206 92.
927 4162 968 4209 9⁶.
995 4165 1083 4226 aqueus]
1102 4169 1180 4215 Bentl.
1201 4171 1285 4219 Burin.

159 4230 223 4282 0055,
243 4244 318 4292 nqueo
336 4230 411 4275 Codd.
471 4226 529 4275 105.
550 4227 633 4290 togae]
653 4231 715 4275 Cod.
734 4230 827 4275 lttcuet.
848 4234 909 4288 quod
928 4234 1013 4279 Burm.
1040 4239 1141 4292 recepit.
1160 4239 1211 4285 mei
1229 4242 1286 4286 reli·

160 4307 200 4363 qui
219 4303 295 4349 Codd.
351 4296 409 4345 10⁶.
430 4305 481 4342 tum
495 4299 571 4357 priua
590 4300 654 4344 Stat.
712 4297 770 4344 112·
790 4314 839 4359 quo
858 4301 919 4347 0⁰⁶·
942 4302 965 4348 1·
