2782 4762
180 172 242 235 toa

180 330 272 413 Quae
294 340 437 395 nostrum
462 351 561 414 genus
583 351 621 392 ac
642 326 726 392 sedis
748 326 919 393 defendere
941 323 1119 391 Erechthei
1237 322 1301 387 200

178 431 319 509 Annuit,
343 445 377 496 ut
397 431 481 496 tauri
504 455 674 517 respergas
697 431 849 516 sauguine
872 433 1039 494 dextram:

180 537 264 598 Tum
286 557 366 600 vero
389 535 511 612 facito,
535 547 569 598 ut
591 534 727 599 memori
747 533 810 597 tibi
832 532 964 598 condita
984 534 1087 596 corde

179 640 272 703 Haec
294 637 424 723 vigeant
446 642 592 701 mandata
614 660 673 701 nee
696 637 759 699 ulla
782 636 934 700 obliteret
958 647 1064 700 aetas:

180 741 226 806 Ut
247 739 341 803 simul
364 763 401 802 ac
424 752 554 805 nostros
575 739 714 803 invisent
735 738 853 802 lumina
876 739 987 815 collis,

179 847 347 907 Funestam
369 855 521 908 antennae
539 847 700 926 deponant
722 843 862 929 undique
885 854 1020 919 vestem,
1239 839 1301 905 235

182 944 390 1031 Candidaque
412 945 526 1010 intorti
549 946 717 1009 sustollant
739 946 810 1009 vela
833 949 1002 1009 rudentes:

182 1049 322 1134 [Lucida
342 1072 406 1134 qua
429 1050 594 1132 splendent
613 1047 725 1111 summi
748 1049 911 1112 carchesia
932 1049 1046 1130 maliz]

182 1153 285 1234 Quam
308 1153 445 1235 primum
465 1174 596 1238 cerneus¹
616 1165 650 1215 ut
671 1153 754 1217 laeta
777 1152 890 1237 gandia
910 1164 1013 1215 mente

181 1258 386 1340 Agnoscam,
411 1278 508 1341 quom
531 1266 562 1318 te
582 1260 732 1319 reducem
756 1267 841 1320 aetas
864 1276 1021 1339 prospera
1042 1253 1166 1319 sistet.''

181 1362 274 1424 Haec
297 1362 441 1421 mandata
461 1358 551 1440 prius
574 1359 733 1422 constanti
752 1370 856 1422 mente
875 1371 1033 1422 tenentem
1240 1356 1304 1420 210

183 1464 309 1526 Thesea
333 1483 391 1524 ceu
414 1461 522 1544 pulsae
544 1472 713 1525 ventorum
736 1461 861 1525 flamine
884 1464 985 1524 nubes

185 1564 324 1628 A'e’rium
347 1563 434 1627 nivei
457 1563 573 1628 montis
593 1564 716 1650 liquere
739 1586 902 1628 cacumen.

182 1668 230 1731 At
248 1678 354 1750 pater,
378 1677 412 1728 ut
430 1689 548 1729 summa
571 1679 778 1750 prospectum
801 1690 842 1732 ex
866 1688 939 1731 arce
962 1670 1111 1750 petebat,

182 1769 292 1837 Anxia
312 1769 346 1832 iu
369 1769 512 1833 assiduos
536 1773 702 1835 absumens
724 1769 842 1833 lumina
863 1771 976 1846 fletus3

184 1873 290 1954 Quom
313 1872 451 1957 primum
472 1873 575 1936 inflati
596 1874 766 1956 conspexit
784 1873 880 1937 lintea
903 1873 984 1951 veli,
1242 1873 1304 1938 215

182 1976 402 2058 Praecipitem
426 1998 493 2040 sese
518 1977 728 2060 scopulorum
751 1999 768 2040 e
788 1975 912 2040 vertice
936 1974 1028 2052 iecit,

182 2079 346 2144 Amissum
369 2083 502 2143 credens
519 2079 634 2142 immiti
657 2082 782 2142 Thesea
803 2080 886 2144 fato.

184 2181 240 2246 Sic
261 2183 384 2246 funesta
407 2186 519 2245 domus
539 2181 701 2265 ingressus
722 2192 805 2245 tecta
827 2194 961 2263 paterna

182 2287 298 2349 Morte
319 2284 417 2349 scrox
439 2287 599 2359 Theseus,
623 2283 747 2368 qualem
768 2283 911 2347 Minoidi
931 2285 1050 2348 luctum

185 2388 371 2462 Obtulerat,
395 2397 497 2450 mente
520 2385 700 2451 immemori
724 2387 818 2450 talem
841 2385 910 2468 ipse
932 2386 1069 2469 recepit.
1242 2389 1307 2454 250

184 2491 274 2571 Quae
296 2502 400 2553 tamen
422 2494 609 2572 adspectans
632 2493 796 2554 cedentem
816 2502 933 2554 maesta
957 2490 1096 2554 carinam

184 2592 380 2677 Multiplicis
402 2591 507 2657 animo
530 2592 683 2658 volvebat
707 2592 813 2656 saucia
836 2615 942 2658 curas.

239 2803 298 2854 230.
318 2805 452 2852 Erechthei
470 2822 553 2853 rursus
573 2814 610 2854 est
627 2823 640 2852 a
659 2809 757 2853 Vossio.
784 2809 837 2852 Sill.
860 2807 958 2852 Lachm.
992 2807 1038 2851 Ed.
1061 2808 1188 2863 princeps:
1216 2807 1303 2863 dueta,

185 2880 245 2923 unde
266 2893 309 2922 una
330 2882 399 2922 litera
419 2881 562 2934 transposita
582 2881 639 2924 olim
658 2880 762 2922 feceram
779 2875 873 2932 Butae,
894 2878 1077 2922 celebratissimi
1097 2881 1157 2934 apud
1176 2878 1305 2923 Athenien·

185 2963 224 2995 ses
243 2949 324 2992 herois
349 2955 418 3006 atque
443 2951 549 2994 auctoris
573 2952 652 3007 gentis
671 2951 816 2992 Butadarnm
840 2962 860 2992 s.
887 2948 1099 2992 Eteobutadarum.
1128 2948 1201 2993 Butes
1231 2960 1303 3002 vero,

185 3023 266 3073 utpote
286 3020 409 3063 Minervae
427 3018 535 3063 Poliadis
560 3022 674 3064 sacerdos
693 3020 747 3064 huic
766 3019 829 3063 Deae
848 3019 1001 3076 gratissimus
1019 3031 1073 3062 esse
1093 3017 1173 3074 quidni
1193 3015 1305 3072 poterat?

184 3102 208 3135 v.
222 3086 358 3142 Apollod.3
368 3119 375 3142 ,
389 3084 433 3148 15,
447 3087 469 3132 1.
490 3090 564 3133 Paos.
582 3089 610 3142 1,
626 3087 667 3132 26.
688 3110 720 3121 -
739 3094 811 3133 eueto
830 3088 905 3133 Guar.
923 3089 993 3131 ΑΙο0.
1007 3088 1079 3145 Ging.
1099 3109 1136 3121 —·
1146 3084 1216 3146 freti
1228 3087 1303 3132 0000.

185 3158 264 3201 Statii.
287 3179 316 3189 ·-
341 3154 423 3215 sretie
445 3159 506 3202 Stat.
524 3160 588 3202 Scal.
612 3157 689 3201 Doer.
713 3158 765 3202 Ast.
786 3182 818 3192 -
847 3159 910 3201 creti
930 3157 1028 3201 Mitsch.
1056 3178 1085 3188 —
1115 3158 1196 3201 orites
1220 3158 1304 3201 ileins.

187 3225 247 3271 231.
269 3225 299 3270 tu
316 3224 465 3270 eirnullioe'c
484 3230 501 3272 i.
517 3243 539 3273 e.
561 3234 608 3282 tua,
626 3229 728 3272 eCodd.
746 3229 799 3272 Sill.
816 3229 890 3272 Web.
928 3224 986 3272 237.
1007 3227 1081 3270 Abest
1101 3241 1114 3268 a
1134 3228 1209 3271 codd.
1229 3226 1305 3270 omni-

185 3297 245 3352 bus3
267 3298 354 3354 legitur
371 3302 450 3340 aulem
468 3298 512 3341 sub
532 3298 619 3342 Catulli
640 3299 734 3342 nornine
752 3312 792 3351 ap.
813 3297 914 3341 Nonium
932 3311 985 3355 pag.
1002 3293 1061 3342 793.
1082 3297 1154 3341 Goth.
1173 3298 1232 3341 0000
1252 3309 1306 3341 eum

184 3367 210 3412 h.
231 3366 247 3410 l.
267 3366 391 3411 inseruere
411 3367 519 3412 Faernus
538 3383 565 3412 ac
584 3369 709 3412 Muretus:
739 3367 851 3411 observat
871 3373 946 3411 tanuen
967 3367 1108 3419 Marcilius,
1129 3382 1191 3421 „nec
1211 3379 1307 3410 versum

181 3440 251 3482 illum
279 3451 321 3481 nec
340 3437 428 3480 Catulli
455 3453 540 3482 nomen
570 3437 672 3491 reperiri
698 3438 722 3480 in
751 3437 818 3481 libris
845 3437 954 3480 hlareelli
974 3437 1104 3493 antiquis.”
1132 3440 1232 3480 Assotus
1252 3449 1307 3481 esse

185 3513 266 3564 potest
281 3521 310 3552 ex
327 3508 412 3550 lsidori
431 3508 517 3566 Origg.
531 3507 576 3561 19,
597 3507 623 3552 2.
644 3521 667 3562 p.
691 3504 766 3551 1287.
790 3503 887 3550 Cinna:
907 3504 1004 3549 Lucida
1022 3502 1169 3566 confulgent
1187 3506 1232 3548 ato
1250 3519 1307 3548 cerr-

185 3575 272 3622 cheeio
290 3578 361 3622 moli.
390 3578 473 3621 Denuo
493 3592 545 3621 eum
566 3580 688 3622 eiecerunt
705 3577 778 3634 (ling.
792 3577 843 3623 Sill.
857 3576 954 3619 Lachm.
974 3577 1063 3628 Recte,
1082 3581 1107 3620 ut
1122 3576 1217 3631 opinor.
1236 3575 1306 3618 Astio

184 3648 441 3692 necessariusvidetm·
460 3653 557 3703 propter
576 3648 715 3704 sequeutia,
736 3653 762 3690 ut
780 3661 853 3706 quom
868 3646 990 3703 primum.
1030 3643 1089 3691 239.
1110 3645 1250 3690 εονεἈΙο0.
1275 3664 1305 3676 -

178 3715 240 3777 sore
253 3719 345 3761 Dooza.
383 3714 442 3760 tlt.
462 3720 599 3763 contollam
617 3720 706 3771 Baryn.
727 3719 759 3760 al.
781 3719 840 3762 uude
851 3715 930 3778 fletos
947 3717 970 3760 io
982 3715 1079 3778 fluctus
1096 3720 1187 3760 000000
1207 3719 1306 3758 conatus

185 3787 493 3832 ecthlitsch.r.lluschlt.
512 3788 557 3843 Ep.
576 3790 630 3832 crit.
647 3801 670 3842 p.
689 3786 730 3835 92,
767 3785 826 3832 ets.
847 3783 1109 3844 inseetiFusc.t'ulp.
1148 3781 1208 3829 218.
1230 3784 1307 3829 Codd.

185 3855 417 3913 aliquotMiocido,
443 3860 502 3902 0000
518 3859 620 3902 Dorvill.
646 3858 715 3917 quali
732 3855 847 3901 Minoida
869 3857 951 3909 lucto,
979 3869 1034 3899 casu
1053 3856 1140 3910 tertio,
1162 3861 1187 3899 ut
1201 3869 1224 3898 v.
1247 3853 1307 3900 396.

185 3932 271 3979 coetu,
290 3929 365 3984 „quia
385 3929 459 3982 prisci
477 3931 562 3983 politae
578 3942 635 3972 raro
655 3929 691 3972 vel
711 3941 829 3984 nunquam
843 3928 904 3971 istos
918 3927 1009 3970 datitos
1024 3927 1186 3980 corripiunt.”
1205 3927 1307 3968 t‘emm-
1325 3950 1329 3958 ·

184 4001 264 4047 temen
289 3997 313 4040 in
338 3993 412 4042 Coma
429 3996 522 4042 Beren.
539 4012 563 4043 v.
584 3995 625 4043 70.
645 3998 734 4042 hahes:
762 3994 856 4056 Tethyi
879 3997 1009 4043 restituor.
1046 3993 1177 4048 „llle'noidi
1201 3996 1308 4038 nltinmm

185 4067 284 4111 brevem
301 4065 372 4111 habet
391 4069 419 4111 ad
438 4071 534 4112 modum
553 4069 718 4123 Graecorum,
739 4081 808 4124 quem
821 4068 859 4111 hic
872 4066 989 4110 imitatum
1003 4077 1057 4110 esse
1074 4066 1194 4110 Catullum
1209 4065 1309 4109 credo.”

185 4134 259 4183 wan.
304 4133 363 4184 251.
383 4137 419 4180 lta
437 4138 526 4193 llaryn.
546 4140 619 4183 Voss.
639 4139 715 4183 Codd.
733 4137 818 4190 Statii,
847 4137 886 4194 qui
902 4139 1003 4181 alteram
1019 4136 1148 4180 lectionem
1175 4149 1238 4194 quoe
1258 4141 1310 4178 tom

182 4211 349 4263 prospectans
368 4206 527 4253 Aldd.Dce1·.
548 4209 620 4267 Giug.
640 4210 707 4262 iure,
727 4209 829 4262 opinor,
850 4208 963 4251 novitiam
978 4210 1056 4251 vocat.
1107 4203 1166 4251 253.
1188 4204 1220 4250 Aa
1234 4211 1311 4262 poter

184 4283 274 4333 Baryn.
285 4279 359 4322 Voss.
380 4278 493 4324 Ceterum
509 4278 554 4324 cfr.
571 4279 684 4336 Xenoph.
699 4278 811 4335 Sympos.
832 4277 862 4322 C.
881 4274 905 4322 9.
936 4277 1080 4321 Philostrat.
1098 4277 1191 4335 lmagg.
1214 4274 1242 4331 1,
1266 4272 1307 4321 15.
