2782 4762
161 333 327 400 Femineas
350 331 452 394 timuit
475 329 586 393 territa
610 329 721 392 lliarte
744 328 859 391 minas!

96 435 313 502 lHannibalis
336 433 438 516 spolia
461 444 493 496 et
515 431 592 494 victi
616 442 819 496 monumenta
841 429 998 511 Syphacis

158 543 203 604 Et
226 536 346 617 Pyrrhi
369 538 407 598 ad
428 546 559 599 nostros
583 533 689 616 gloria
712 533 815 596 fracta
837 534 960 614 pedes:

67 641 226 721 ,Curtius
249 637 384 722 expletis
406 637 515 700 statuit
537 646 738 700 monumenta
761 632 905 707 lacunis3

157 746 203 808 At
224 740 342 805 Decius
365 739 463 803 misso
485 737 612 819 proelia
634 737 722 818 rupit
745 757 843 820 equo.

96 845 233 912 Coclitis
257 842 417 906 abscissos
440 853 576 904 testatur
597 840 707 903 semita
731 849 866 920 ponles;

159 949 243 1020 Est,
268 946 320 1008 eni
341 965 521 1029 cognomen
545 963 665 1006 cervius
688 943 807 1003 habere
829 939 927 1003 dedit.

97 1050 189 1112 Haec
212 1048 241 1110 di
265 1046 494 1121 condiderunt,
519 1047 599 1107 haec
621 1042 654 1106 di
677 1064 807 1127 quioque
830 1042 955 1106 moenia
978 1054 1129 1116 servants
1181 1045 1221 1106 65

160 1150 228 1213 Vix
251 1149 377 1223 timeat,
399 1149 490 1211 salvo
515 1146 674 1222 Caesare,
700 1147 806 1209 Roma
829 1145 956 1208 Iovem.

98 1252 194 1316 Nunc
216 1250 271 1312 ubi
294 1248 461 1332 Scipiadae
484 1247 624 1311 classes?
646 1247 702 1308 ubi
724 1245 815 1329 signa
839 1245 992 1310 Camilli?

164 1353 234 1416 Aust
256 1353 352 1414 modo
376 1349 532 1433 Pompeia
554 1351 706 1432 Bosporo
730 1362 822 1431 capta
845 1347 962 1411 manu?

98 1454 280 1518 Leucadius
303 1474 414 1518 versas
438 1452 520 1515 acies
544 1451 733 1516 memorabit
755 1452 894 1533 Apollo.

163 1559 301 1620 Tantum
325 1554 434 1637 operis
455 1554 531 1617 belli
553 1553 683 1617 sustulit
706 1575 768 1622 sina
792 1553 872 1618 dies.

99 1659 146 1723 At
168 1668 222 1733 lu,
248 1657 315 1720 sive
337 1667 427 1739 petes
450 1668 565 1737 portus
587 1676 667 1730 eeu,
692 1655 817 1732 navita,
841 1656 981 1739 linques,

165 1757 315 1823 Caesarie
336 1759 370 1821 in
392 1769 463 1822 toto
485 1757 529 1820 sis
554 1777 674 1820 memor
696 1757 818 1826 Ionio..

270 1999 349 2062 Lm.
372 1999 436 2064 111.
479 1999 659 2063 ELEGIA
680 1999 802 2089 XVII.
834 1999 913 2076 (IV.
937 2000 1053 2076 XVI.)

102 2168 214 2244 Nunc,
239 2188 260 2230 o
284 2169 432 2242 Bacche,
457 2166 518 2228 tuis
542 2165 676 2229 humiles
699 2163 902 2229 advolvimur
924 2165 1008 2240 aris:

164 2270 217 2334 Da
240 2268 316 2332 milri
337 2279 452 2350 pacato
477 2269 545 2331 vela
569 2271 725 2343 secunda,
749 2278 855 2349 pater.

103 2451 162 2504 tibi,
189 2448 281 2504 Roma,
310 2450 415 2495 timenda
433 2450 483 2504 fui,
515 2464 559 2495 uec
577 2449 695 2494 Antonius
716 2451 848 2494 vinolentia
870 2451 1003 2495 delirans.”
1028 2450 1109 2496 Iacob.
1155 2453 1228 2498 Prius

103 2520 158 2564 scil.
177 2523 308 2572 corrupte:
328 2516 386 2563 Non
404 2516 475 2573 nnec,
495 2517 587 2572 Romu,
600 2515 657 2577 suit
674 2525 742 2563 tento
760 2518 807 2563 tibi
827 2519 879 2563 cine
903 2518 1028 2574 serendo,
1042 2520 1121 2564 Dian
1139 2526 1164 2564 ct
1181 2536 1228 2567 os-

103 2586 194 2641 ss'duo,
221 2588 281 2631 unde
300 2588 328 2630 de
344 2589 438 2631 'audaci
456 2588 517 2636 Dan.
536 2588 629 2632 Heinsii
649 2589 713 2632 coni.
734 2593 817 2643 postea
841 2589 913 2646 vulgo
931 2589 1058 2634 fecerunt:
1079 2588 1136 2636 Non
1153 2588 1226 2645 liuec,

102 2655 200 2716 Romo,
211 2652 268 2714 suit
287 2681 302 2692 -
320 2681 337 2692 -
353 2653 406 2700 Nec
424 2655 497 2701 ducis
515 2655 620 2701 assiduo
638 2663 686 2701 cet.
742 2655 784 2702 57.
805 2657 849 2701 loli
867 2658 899 2700 al.
955 2654 998 2702 59.
1018 2658 1083 2703 Haec
1103 2659 1136 2703 ita
1154 2674 1230 2714 nuper

105 2726 200 2783 quidam
219 2725 361 2779 explicavit:
385 2726 467 2782 spolie
488 2724 600 2770 Hannid.
613 2730 644 2769 'et
661 2724 787 2784 Syphacis
806 2727 864 2770 victi
882 2731 906 2770 el
923 2723 1021 2784 Pyrrhi
1037 2728 1124 2786 gloria
1134 2723 1228 2785 fructu

104 2793 140 2839 ud
160 2798 261 2838 nostros
275 2791 355 2850 pedes
377 2799 437 2838 sunt
459 2800 628 2838 monumento.
666 2796 713 2839 Sed
734 2795 777 2839 hac
796 2796 847 2850 ipsa
866 2795 1065 2848 interpretatione
1089 2796 1224 2843 evincitur.

104 2875 176 2919 quam
199 2862 279 2916 inepta
300 2864 333 2906 sit
356 2864 452 2921 vulgata
481 2869 577 2918 praeter
596 2864 792 2908 molestissimam
812 2864 982 2918 repetitionem
1007 2878 1030 2908 v.
1050 2870 1228 2918 monumento,·

104 2933 166 2976 unde
186 2932 283 2989 egregie
307 2932 403 2988 quidem
430 2934 459 2976 ad
481 2933 641 2988 sententiam,
667 2935 708 2976 sed
730 2938 807 2976 lernen
834 2933 913 2976 misine
941 2925 1101 2988 probabiliter
1128 2933 1229 2979 Laclim.

105 3003 246 3056 suspicatus
256 3005 312 3045 est:
341 3006 401 3044 sunl
414 3007 502 3058 porta.
522 3003 655 3047 Fortasse:
689 3015 738 3046 non
759 3007 836 3054 isoio,
869 3003 1067 3060 interrogationis
1086 3004 1156 3060 signo
1177 3008 1233 3058 post

101 3068 180 3127 pedes
208 3069 296 3124 posito.
336 3066 378 3115 60.
397 3072 447 3123 Fea
465 3073 494 3114 ad
516 3073 600 3116 Horat.
621 3072 699 3126 Epist.
721 3069 745 3124 2,
768 3074 791 3125 1,
816 3067 892 3116 191.:
930 3069 995 3114 Mon
1014 3069 1126 3116 trahitur
1143 3073 1231 3117 moni-

105 3138 152 3182 bus
170 3151 260 3198 regum
271 3134 382 3196 fortuna
400 3141 514 3184 retortis.
535 3142 589 3185 inde
611 3143 635 3186 h.
656 3143 673 3185 l.
694 3141 836 3184 auctoritaie
856 3141 918 3184 Mss.
939 3143 1049 3184 emendat
1066 3147 1157 3189 tracte.
1200 3141 1232 3186 Aa

105 3208 215 3258 Pvrrhus
236 3207 338 3250 Romam
355 3213 445 3253 tractus
467 3223 513 3253 uon
538 3215 583 3254 est.
641 3207 682 3254 62.
706 3209 742 3253 Αι·
769 3211 806 3254 sel
831 3208 863 3253 Ar
880 3208 975 3253 Decies
994 3211 1074 3254 misso
1094 3210 1170 3255 Codri.
1197 3234 1230 3246 -

105 3275 224 3322 Admisso
240 3275 338 3321 Decius
357 3278 421 3322 Scal.
442 3279 506 3322 coni.
526 3280 597 3337 vulgo
616 3283 722 3333 recepta.
742 3297 776 3312 -
799 3277 831 3324 Aa
849 3292 963 3333 recepere
983 3279 1032 3324 lac.
1053 3278 1100 3325 La.
1149 3277 1189 3325 66.
1211 3282 1228 3324 i.

107 3359 129 3391 e.
150 3347 186 3390 M.
206 3347 319 3391 Valerius
337 3346 432 3390 Coruus
452 3362 476 3392 u.
496 3363 518 3392 c.
539 3344 598 3394 les.
652 3345 695 3393 65.
715 3346 881 3392 condiderant
901 3361 913 3390 e
938 3347 999 3392 Cdd.
1020 3349 1069 3392 lac.
1090 3347 1137 3394 Lt.
1157 3349 1232 3393 Prae·

103 3418 155 3460 stat
182 3415 245 3469 perf.
302 3412 343 3460 67.
370 3417 550 3461 Sententiarum
577 3430 663 3461 nexum
696 3430 755 3460 unus
783 3418 842 3462 uidit
862 3416 981 3470 Vulpius:
1021 3416 1126 3460 Actiaca
1156 3419 1231 3462 nicio·

107 3484 149 3526 riu
178 3480 273 3527 Caesus·
302 3482 433 3544 Augustus
464 3485 625 3542 Scipionum,
654 3481 773 3540 Carnills‘,
807 3485 920 3543 Pompeii
948 3485 1060 3544 glorium
1092 3487 1229 3543 superauit.

107 3551 161 3596 Non
177 3553 285 3598 audiendi
311 3554 386 3611 igitur
406 3559 479 3608 sunt,
501 3555 541 3611 quvi
562 3555 607 3598 hoc
626 3555 745 3598 distichon
775 3556 811 3599 vel
828 3559 884 3608 post
899 3567 921 3597 v.
943 3551 985 3597 ln.
1006 3552 1117 3610 (Lacum.
1134 3553 1172 3606 l.)
1195 3557 1232 3600 vel

106 3626 162 3676 post
178 3636 202 3666 v.
224 3620 266 3666 58.
286 3623 422 3677 (passeres.
451 3624 559 3667 Broulrh.
584 3621 683 3680 Bur-m.)
706 3626 893 3667 collocaverunt.
941 3621 1068 3680 Nunquam
1104 3628 1144 3666 aul
1173 3632 1230 3667 raro

107 3690 166 3734 haec
184 3692 354 3746 transponendi
373 3694 497 3745 conamina
517 3693 615 3736 criticis
638 3697 806 3737 successerunt
827 3694 850 3735 iu
872 3691 949 3746 poetis
971 3693 1102 3750 elegiacis,
1134 3692 1173 3749 qni
1197 3694 1232 3736 la·

106 3760 220 3804 ‘rioribus
235 3774 306 3815 saepe
322 3761 424 3805 vinculis
443 3762 573 3805 sententias
592 3763 672 3805 solent
690 3762 852 3820 adstringere.
891 3760 1004 3804 Celerum
1023 3761 1121 3808 Lachm.
1142 3762 1165 3805 in
1184 3761 1230 3806 Ed.

108 3841 146 3882 pr.
167 3830 231 3873 dedit
248 3827 360 3885 Bosporo
378 3835 449 3886 capte
468 3843 497 3873 ex
514 3831 605 3874 Heinsii
628 3832 773 3874 coniectura.
812 3830 903 3873 Contra
922 3830 970 3875 lac.
990 3827 1036 3873 La.
1056 3827 1168 3887 Bospore
1186 3845 1229 3875 ce·

104 3902 152 3953 pto
169 3912 182 3942 e
202 3898 263 3943 Cdd.
283 3912 327 3953 pro
355 3900 420 3956 vulg.
440 3896 557 3955 Bosporo
575 3904 658 3957 capia.
697 3899 749 3943 Cir.
770 3900 846 3954 (laud.
867 3896 928 3952 lac.)
947 3899 1086 3944 Schneiderl
1105 3899 1152 3945 Gr.
1172 3899 1230 3946 Las.

109 3963 134 4010 2.
154 3978 178 4022 p.
199 3964 241 4010 tl.
280 3968 558 4022 SulpiciusSev.Dial.
581 3968 604 4019 l,
625 3966 668 4012 26.
704 3965 834 4024 Bosporus
852 3968 969 4012 exclusa.

404 4036 459 4080 Lm.
480 4037 525 4082 lll.
562 4037 658 4082 ELEG.
678 4037 761 4082 XVil.
781 4036 836 4091 (lv.
856 4035 939 4090 ΠΙ.)
1010 4040 1013 4046 “

178 4103 203 4150 2.
219 4109 312 4162 pacato
330 4119 384 4150 cum
404 4105 464 4149 Cdd.
484 4108 557 4160 Vulp.
577 4108 627 4151 lae.
650 4104 697 4150 La.
735 4107 804 4160 „ilos
821 4106 919 4160 recepi,
946 4107 1001 4163 quia
1020 4107 1084 4160 pacis
1104 4122 1146 4163 per
1172 4110 1229 4156 Bac·

108 4175 178 4218 elium
197 4176 358 4229 impetrandas
383 4175 490 4230 precatio
515 4189 557 4230 per
576 4188 661 4221 versus
684 4189 751 4231 seqq.
772 4180 854 4230 aperte
876 4177 1030 4231 exponitur.'’
1054 4177 1102 4226 lac,
1124 4198 1152 4212 ··
1172 4177 1231 4223 leec-

108 4241 181 4289 cltuto
200 4243 267 4301 (cum
285 4244 330 4291 Cd.
351 4242 482 4301 Groning.)
501 4245 590 4302 Vulgo.
610 4264 643 4278 -
661 4242 792 4302 lymphato
809 4245 893 4289 Burin.
909 4246 972 4290 coni.
