2782 4762
1175 197 1215 263 81

93 349 244 442 Nau'ique
266 353 331 421 atto
352 378 394 423 ex
416 356 481 425 alio
504 338 683 423 olaieseere
701 360 802 422 eorde
825 354 978 423 videbant
1139 355 1220 424 1555

93 458 252 538 Artibus,
274 461 316 525 ad
337 481 490 526 summum
516 463 621 527 donee
643 482 762 526 venere
786 482 950 525 ceneten.

471 649 548 712 Lin.
573 649 638 714 VI.
662 669 697 711 v.
723 647 854 713 1-95.

160 766 291 833 Primae
308 767 498 853 frugiparos
515 769 601 833 fetus
622 768 812 834 mortalibus
835 764 943 851 aegris

94 869 292 936 Dididernnt
313 875 474 957 quondam
497 871 669 955 praeclaro
694 869 824 936 nomine
848 871 993 935 Athenae
1063 912 1067 917 ·

96 975 143 1039 Et
164 987 393 1039 recreaverunt
413 975 510 1043 vitani
533 974 687 1059 legesque
709 983 886 1058 rogarunt3

62 1084 67 1091 '
93 1077 141 1142 Et
161 1075 284 1159 primae
304 1081 458 1142 dederunt
479 1077 596 1142 solatia
616 1074 719 1140 dulcia
740 1075 843 1152 vitae,
880 1064 884 1071 ⁴

95 1180 205 1261 Quom
227 1202 367 1266 genuere
390 1180 493 1244 virum
514 1179 571 1243 tali
591 1203 662 1243 euni
685 1182 785 1244 corde
806 1188 988 1261 repertum,

94 1282 213 1348 Omnia
236 1279 382 1348 v'eridico
405 1283 645 1370 quiquoniam
669 1303 710 1346 ex
733 1303 793 1348 ore
815 1281 982 1365 profudits

66 1378 71 1384 ’
94 1385 224 1468 Quoius
246 1397 277 1450 et
300 1385 450 1450 exstincti
470 1397 608 1469 propter
631 1383 738 1475 divina
758 1395 888 1467 reperta

92 1487 274 1572 Divolgata
293 1500 384 1552 vetus
405 1488 467 1552 iam
490 1491 531 1552 ad
551 1488 673 1553 caelum
699 1486 805 1572 gloria
830 1487 949 1551 fertur.

158 1593 258 1668 Nam,
282 1613 379 1677 quoin
403 1591 482 1654 vidit
504 1591 573 1667 hic,
599 1595 638 1654 ad
658 1591 778 1656 vietum
802 1611 884 1676 quae
902 1587 1027 1675 flagitat
1043 1611 1134 1668 usus,

95 1693 214 1759 Omnia
238 1693 299 1757 iam
323 1693 425 1758 ferme
449 1695 639 1759 mortalibus
663 1715 730 1757 esse
754 1706 883 1776 parata,
1178 1694 1220 1758 10

93 1797 154 1878 [Et
171 1819 230 1879 per
249 1818 331 1882 quae
354 1807 486 1879 possent
508 1796 605 1860 vitain
628 1795 804 1860 consistere
825 1807 923 1857 tutam
936 1794 960 1875 3]

92 1898 230 1965 Divitiis
251 1899 398 1964 homines
421 1911 453 1963 et
474 1902 601 1964 bonore
619 1912 652 1964 et
669 1899 761 1962 laude
780 1897 940 1981 potenteis

92 2003 239 2066 Affluere
258 2012 353 2090 atque
372 2005 458 2066 bona
480 2014 628 2067 natorum
650 2001 810 2066 excellere
832 2000 935 2077 sarna;

88 2147 172 2206 polito
190 2147 264 2193 Vind.
287 2170 316 2181 -
333 2149 417 2204 polire
436 2148 481 2193 Cd.
496 2148 525 2193 C.
540 2150 585 2194 Αν.
599 2149 629 2193 Α.
643 2148 672 2193 L.
688 2147 717 2193 n.
731 2150 809 2194 Alter.
831 2169 860 2180 -
879 2149 974 2206 politus
987 2149 1029 2194 W.
1045 2149 1109 2194 conl.
1123 2149 1217 2199 eichst.

15 2237 20 2243 ·
92 2214 249 2276 [Etiamnunc
268 2218 395 2273 pristinum
413 2219 525 2263 iudiciuin
543 2220 650 2273 retineo,
677 2220 721 2264 etsi
743 2219 815 2265 etiarn
833 2219 880 2272 F...
909 2233 980 2276 quoin
998 2233 1011 2262 a
1030 2233 1068 2274 pr.
1087 2233 1159 2264 rnanu
1176 2220 1220 2265 ba.

92 2286 187 2333 buissel
201 2288 296 2345 polito,
321 2302 334 2332 s
353 2301 403 2332 see.
424 2303 458 2333 in.
479 2303 601 2343 superscr.
623 2290 694 2333 habet
707 2290 804 2346 politus
828 2290 908 2345 sieque
932 2286 1012 2344 firiuet
1026 2289 1100 2334 Walt.
1122 2291 1186 2335 enni.
1202 2303 1218 2334 a

92 2357 172 2405 Foris.
192 2358 340 2414 praelatum
357 2358 454 2416 politus
473 2358 536 2402 enim
556 2372 617 2402 usus
636 2360 738 2402 nonduin
758 2359 814 2402 inihi
835 2359 926 2402 videtur
938 2371 1072 2417 congruere
1091 2372 1145 2404 eum
1158 2372 1217 2404 vera

91 2425 247 2486 Latinitate]
286 2424 362 2475 1454.
384 2427 462 2486 erigit
474 2426 550 2471 Cndd.
565 2429 637 2472 etiarn
650 2429 679 2472 C.
692 2427 721 2472 Ε.
734 2427 1001 2473 manendumne.
1016 2429 1088 2474 Walt.
1103 2453 1136 2464 -
1151 2429 1220 2474 eruit

91 2499 126 2543 A.
138 2496 170 2546 1..
184 2497 214 2542 11.
229 2502 255 2541 51
266 2510 290 2542 r.
308 2494 384 2542 1388.
414 2497 547 2554 Utrobique
572 2499 635 2542 idern
660 2498 759 2542 verbum
779 2504 901 2553 praestare
920 2497 1042 2548 arbitror:
1074 2512 1218 2556 quamquem

92 2568 158 2612 haud
177 2580 253 2626 nego,
282 2566 422 2611 Lucretium
445 2568 565 2611 interdurn
589 2571 699 2611 consulto
718 2567 809 2612 similes
828 2579 911 2610 versus
931 2568 1016 2611 leviter
1035 2568 1215 2614 immolavisse:

91 2650 118 2682 v.
133 2651 154 2682 e.
168 2635 192 2691 2,
206 2633 264 2684 632.
285 2634 298 2682 5
302 2670 308 2692 ,
325 2634 401 2682 1511.
427 2635 568 2695 Terrifieus
581 2639 690 2692 cespitum
705 2637 842 2695 quatientes
855 2637 956 2680 numine
966 2635 1100 2695 (undique)
1111 2639 1216 2683 cristas.

93 2708 141 2752 Sed
152 2707 237 2750 horum
251 2707 298 2750 alia
310 2709 373 2751 ratio
387 2713 438 2760 est,
454 2721 529 2765 neque
540 2709 669 2750 audiendus
684 2708 724 2749 W.
738 2709 766 2750 nd
779 2721 801 2750 v.
818 2703 893 2750 1388.
908 2707 1005 2759 „Carus
1017 2712 1113 2761 noster,
1128 2709 1148 2751 si
1162 2709 1216 2765 quis

92 2777 158 2822 alius
176 2779 277 2834 denique
297 2780 403 2822 studiose
422 2779 584 2822 diversitatem
603 2777 719 2832 phraseos
737 2780 840 2820 sectatus
860 2777 921 2819 est.”
949 2777 1030 2832 ltaque
1047 2775 1070 2818 h.
1090 2778 1106 2820 l.
1121 2791 1215 2835 quoqne

92 2847 163 2892 eruit
181 2847 291 2902 praetuli.
323 2847 395 2901 „Non
415 2861 443 2893 es
462 2853 552 2891 tanturn
570 2848 627 2891 erui
644 2848 768 2898 dicuntur,
800 2860 860 2903 quae
879 2845 902 2888 in
922 2849 1002 2890 terrae
1021 2846 1094 2889 latent
1111 2848 1214 2892 visceri-

93 2917 155 2970 bns,
175 2919 217 2962 sed
236 2921 260 2960 et
278 2917 335 2971 itta,
356 2931 416 2974 quae
435 2918 458 2961 in
477 2918 558 2961 abdito
577 2923 632 2961 sunt
649 2914 799 2961 reconditn.’'
820 2913 1219 2971 055555.5515551.1.5,470.·
1294 2961 1295 2965 ,

95 2982 174 3032 1155.
193 2987 233 3030 Sic
251 2986 311 3034 Cdd.
332 2989 439 3045 plerique
458 2988 529 3031 etiarn
549 2988 578 3035 C.
598 2988 628 3034 E.
651 2985 712 3030 Edd.
731 2990 788 3030 vett.
805 2985 835 3029 Α.
852 2984 881 3028 L.
902 3007 935 3018 -
957 2984 1069 3028 videmus
1083 2985 1142 3030 ctu.
1158 2988 1216 3032 duo.

93 3057 174 3112 llam
194 3057 217 3100 id
235 3058 298 3114 quod
316 3058 394 3111 priiuo
413 3059 526 3111 adspectu
546 3057 680 3111 blanditur,
702 3060 727 3099 ut
744 3056 776 3099 sit
795 3056 914 3100 sententie
932 3055 1063 3112 generalis.
1092 3057 1139 3100 Sed
1156 3057 1216 3100 alte-

93 3140 148 3170 ram
168 3128 222 3170 lect.
242 3127 344 3171 vindieat
361 3129 384 3170 in
410 3127 494 3183 primis
513 3140 535 3170 v.
556 3126 645 3180 eorde,
674 3126 736 3183 quod
762 3125 868 3169 iunctum
891 3137 944 3167 enm
972 3124 1083 3169 ridemus
1111 3127 1217 3170 otiosum

94 3201 147 3242 est:
173 3201 271 3251 contra,
296 3197 425 3251 „homines
443 3197 516 3251 prisci
535 3197 571 3241 illi
590 3202 668 3241 mente
687 3196 800 3241 videbant
817 3196 841 3241 in
859 3195 951 3239 artibus
970 3196 1034 3240 eliud
1053 3208 1082 3240 ex
1100 3198 1149 3241 elio
1168 3199 1216 3241 els-

94 3279 209 3321 reseere‚
230 3268 247 3325 i.
269 3280 291 3311 e.
311 3268 440 3322 perfectius
458 3267 554 3311 reddi.’'

515 3373 570 3417 Lis.
586 3373 630 3418 Vl.
650 3387 672 3416 i.
690 3369 794 3419 1-95.

149 3458 174 3505 1.
189 3456 345 3521 frugiparos
358 3459 434 3504 Codd.
447 3459 526 3519 Lugd.
540 3466 650 3519 uterque.
677 3463 754 3506 Habet
772 3463 831 3505 lianc
844 3475 927 3506 vocem
939 3459 1043 3505 Avienus
1056 3460 1124 3506 Arat.
1138 3458 1215 3507 1053.

87 3525 237 3591 frugiferos
252 3530 327 3575 Codd.
342 3531 429 3588 reliqui
443 3530 483 3586 (C.
499 3529 542 3586 E.)
558 3530 618 3576 Edd.
633 3546 715 3576 omnes
729 3537 782 3576 ante
795 3533 838 3575 W.
895 3529 919 3576 7.
937 3528 1045 3590 (Quoius
1061 3532 1215 3575 inexstineti

95 3601 139 3645 W.
155 3598 233 3658 coni.)
284 3598 324 3645 11.
345 3600 498 3655 Anteponnut
516 3603 666 3655 praecedeuti
686 3602 714 3646 1..
735 3603 764 3646 tl.
785 3602 931 3657 eundemque
950 3600 1094 3644 subditivum
1112 3603 1218 3645 iudicant

94 3671 175 3716 Bentl.
190 3675 214 3715 et
226 3670 320 3715 laenbs.
345 3666 378 3714 Et
395 3672 503 3724 (ecVer.
517 3670 592 3725 Ver.)
607 3684 657 3728 pro
675 3685 722 3730 quo
741 3685 770 3715 ex
785 3676 843 3716 vett.
860 3672 922 3715 Ε55.
940 3671 981 3714 W.
1002 3693 1035 3704 --
1053 3667 1086 3712 Et
1099 3683 1148 3726 pro
1167 3684 1216 3729 qua

96 3739 323 3784 C.E.Vind.Bri1.
343 3764 376 3774 --
394 3739 427 3784 Et
434 3754 484 3796 pro
496 3755 585 3799 quem,
605 3740 638 3785 Et
647 3755 695 3798 per
708 3755 796 3800 quern,
816 3739 848 3784 Et
860 3755 909 3798 per
924 3754 973 3799 qun
991 3739 1171 3783 11110511.-
1184 3739 1218 3785 Er

91 3824 142 3868 per
154 3824 217 3870 qaue
233 3810 518 3856 5515511515.
545 3811 623 3867 Quum
642 3825 685 3866 per
704 3825 729 3855 se
749 3813 876 3855 ndinoduiu
894 3812 990 3869 languet
1006 3810 1053 3854 ists
1071 3809 1214 3866 versiculus,

95 3885 160 3934 tuin,
182 3885 206 3923 ut
225 3879 347 3924 leuobsius
366 3881 477 3934 adnotat,
503 3882 642 3926 consistere
662 3882 784 3925 transitive
804 3882 1031 3935 proconsulum,
1056 3877 1156 3942 efficere
1174 3895 1217 3936 po·

94 3952 168 3995 sitnm
187 3955 253 3994 curet
271 3951 380 4004 ereinplo
400 3952 460 4004 apud
479 3951 553 3996 Luer.
593 3949 634 3994 12.
655 3951 749 3996 divitiis
762 3951 838 3994 Codd.
848 3950 903 4005 (E.)
913 3949 1074 3994 tinum.
1084 3951 1112 3994 ll.
1122 3952 1215 4011 Eiehst.

95 4043 129 4054 -
147 4019 250 4064 divitiae
266 4021 324 4063 Ver.
336 4022 398 4064 Ven.
413 4021 454 4063 W.
494 4018 535 4066 13.
556 4023 667 4066 extolere
680 4023 747 4065 Biix.
768 4043 801 4054 --
820 4021 943 4064 extollere
957 4033 985 4062 ex
999 4016 1023 4063 3.
1036 4021 1112 4064 Codd.
1131 4020 1217 4079 (etism

96 4089 126 4136 C.
142 4089 185 4145 Ε.)
201 4090 293 4144 recepit
308 4090 351 4134 W.
371 4090 463 4134 Eiehsl.
479 4092 527 4135 Sed
541 4090 641 4136 divitius
661 4105 779 4135 nerninem
799 4091 915 4134 extollunt
932 4089 994 4131 bons
1008 4094 1118 4135 natorum
1136 4092 1215 4146 teus,

95 4161 161 4205 iuxta
181 4158 325 4205 Wakefield.
347 4162 402 4204 leet.
423 4161 503 4204 Minus
529 4162 601 4206 etiarn
622 4163 743 4206 extollere
762 4161 871 4204 convenit
890 4158 986 4203 lectioni
1004 4157 1114 4212 divitiis,
1144 4175 1217 4219 quum

94 4229 296 4290 significationem
313 4231 379 4274 verbi
399 4230 471 4276 medii
488 4230 578 4280 babere
597 4236 713 4289 nequeat:
735 4232 788 4274 iden
806 4231 953 4274 redeundum
971 4228 1017 4293 fnit
1034 4230 1063 4273 ad
1081 4230 1215 4278 15111..

94 4305 125 4352 Α.
137 4302 185 4356 ll..
205 4301 244 4358 qui
264 4314 318 4345 curn
337 4301 413 4347 Codd.
427 4297 452 4348 3.
473 4301 599 4348 exhibent:
620 4302 756 4347 excellere.
776 4301 906 4356 (excolere
924 4301 984 4346 Ver.
998 4295 1076 4358 Vsu.)
1158 4290 1160 4295 ’

146 4383 235 4438 Eslogas
250 4383 308 4425 Pon.
323 4383 367 4425 Lat.
946 4383 965 4446 fi
