2782 4762
14 322 18 330 ¹
68 398 72 405 .
164 341 228 405 Seu
252 353 343 406 vetus
364 342 395 405 in
419 342 516 407 trivio
538 343 638 406 florea
660 356 744 407 serta
766 342 869 426 lapis:

102 445 146 507 Et
168 446 380 529 quodcunque
403 444 477 508 mibi
500 466 629 528 pomum
653 467 756 511 novus
779 448 891 510 educat
913 467 1032 521 annrrs,

163 547 313 610 Libatum
337 547 511 632 agricolam
534 549 672 630 poniturv
687 559 758 611 ante
781 551 886 612 denar.

101 649 203 712 Flava
225 647 342 726 Ceres,
368 650 427 713 tibi
448 650 491 714 sit
506 662 627 714 nostro
650 653 688 715 de
712 671 787 714 rure
810 671 932 714 corona

164 751 296 834 Spicea,
322 773 403 837 quae
426 753 536 834 templi
556 756 694 834 pendeat
716 765 788 816 ante
809 752 919 817 iores:
941 809 944 816 .
977 808 981 813 .

102 853 320 939 Pomosisque
341 856 440 918 ruber
463 865 572 919 citatos
594 866 735 937 ponatur
756 854 789 916 in
813 854 933 928 bortis,

165 959 303 1020 Terreat
327 970 361 1021 ut
384 979 480 1021 saeva
502 958 584 1021 falce
607 957 746 1038 Priapus
768 978 859 1020 aves.

102 1059 175 1122 Vos
197 1078 345 1142 quoque,
368 1060 470 1123 felicis
492 1062 669 1144 quondam,
694 1081 778 1122 nune
799 1058 950 1141 pauperis
973 1061 1044 1143 agri
1121 1100 1124 1107 ·

165 1159 342 1237 Custodes,
366 1161 457 1225 fertis
481 1182 610 1224 munera
634 1173 760 1237 vestra,
786 1162 902 1224 Lares.

103 1266 195 1327 'l'une
218 1264 316 1328 vitula
339 1263 520 1328 innumeros
543 1263 701 1326 lustrabat
722 1285 821 1327 caesa·
835 1265 1006 1327 iuvencos:

164 1366 259 1431 Nrrnc
281 1386 362 1450 agna
385 1365 497 1450 exigui
518 1378 566 1429 est
585 1365 692 1429 hostia
713 1387 814 1448 parva
837 1365 910 1429 soli.

102 1474 198 1555 Agna
221 1472 310 1533 cadet
334 1468 448 1544 vobis,
472 1489 566 1552 quam
584 1467 709 1530 circum
731 1467 848 1531 mistica
872 1469 973 1550 pubes

165 1573 310 1637 Clamet:
333 1572 397 1644 „lo
420 1591 538 1634 messes
554 1583 592 1633 et
616 1572 700 1633 bona
724 1569 797 1633 vina
819 1570 941 1634 date!''

102 1679 169 1740 lam
193 1678 288 1739 modo
312 1695 376 1737 non
399 1694 528 1756 possum
552 1682 720 1736 contentus
745 1671 856 1734 vivere
877 1693 981 1754 parvo

164 1778 234 1840 Nec
256 1797 384 1857 seraper
405 1775 524 1859 longae
546 1775 670 1837 deditus
693 1795 763 1837 esse
786 1773 875 1848 viae,

103 1882 165 1942 Sed
188 1877 287 1944 Canis
310 1877 455 1941 aestivos.
473 1889 564 1939 ortus
588 1875 688 1939 vitare
710 1879 769 1939 sub
792 1877 905 1938 umbra

165 1980 304 2044 Arboris
327 1983 366 2043 ad
387 1979 478 2043 rivos
499 1977 732 2061 praetereuntis
755 1976 871 2061 aquae.
967 2030 970 2035 .

15 2082 18 2090 '
103 2087 173 2148 Nec
194 2095 296 2147 tamen
319 2083 474 2145 interdum
498 2083 615 2163 pudeat
636 2079 774 2151 tenuisse
796 2079 955 2154 bidentes,
977 2126 981 2131 -

165 2187 234 2248 Aut
255 2185 383 2247 stimulo
407 2185 515 2246 tardos
538 2179 732 2264 increpuisse
754 2185 879 2247 boves..

103 2290 178 2352 Non
201 2308 356 2371 agnamve
378 2286 447 2348 sinu
470 2285 579 2368 pigeat
603 2284 745 2348 fetumve
768 2285 930 2366 capellae-

165 2391 337 2453 Desertum
361 2387 459 2451 oblita
483 2398 582 2449 rrratre
605 2386 728 2450 referre
750 2389 890 2450 domum.

103 2601 126 2646 9.
147 2600 200 2645 Ctr.
220 2599 274 2644 biv.
294 2597 323 2654 1,
354 2596 395 2645 11.
415 2599 440 2644 ri
457 2612 517 2656 eper
531 2598 668 2645 ‚destituat
689 2599 802 2658 Plerique
820 2602 889 2646 deam
906 2600 980 2659 Spem
1000 2604 1151 2663 intelligerit,
1181 2607 1218 2650 eni

101 2673 146 2726 ipsi
165 2674 243 2713 tamen
259 2669 365 2727 agrestia
383 2669 425 2713 illa
441 2671 502 2713 dona
521 2669 593 2713 tribui
613 2670 651 2713 vix
664 2675 774 2725 possunt.
810 2671 856 2715 Est
873 2672 946 2729 igitur
963 2674 1042 2726 potius
1058 2675 1129 2717 auiuri
1149 2677 1218 2731 aequi

101 2741 214 2794 allectus,
236 2752 282 2795 quo
301 2752 328 2783 ea
345 2742 371 2782 ut
387 2736 433 2781 sibi
452 2752 466 2781 a
484 2739 536 2782 Diis
554 2738 730 2793 praebeantur,
751 2753 799 2784 nou
817 2740 868 2783 sine
886 2739 972 2784 fiducia
991 2736 1078 2796 optat.>
1117 2741 1157 2785 11.
1178 2742 1218 2786 de-

100 2806 197 2866 eertue]
207 2821 278 2864 quern
291 2807 359 2862 pauci
375 2813 500 2853 transeunt
511 2809 662 2863 veneraturi,
682 2810 705 2852 in
722 2809 776 2853 loco
789 2810 885 2853 deserto
896 2811 997 2864 positus.
1024 2811 1086 2855 Mire
1096 2811 1217 2856 Brouekh.

101 2877 228 2934 explicavit
245 2874 352 2931 delirus,
381 2876 505 2932 defossus,
530 2877 624 2922 Censor
652 2879 814 2932 leuandus,
840 2877 959 2922 eutlcubt.
1018 2876 1057 2924 li.
1076 2881 1219 2940 agricolam

101 2975 110 2984 -
130 2973 139 2983 -
158 2941 241 3000 deum]
261 2947 300 2990 Sic
319 2946 453 2990 emendavit
469 2946 586 3001 Paccius,
612 2947 710 3001 (melius
731 2948 795 2990 omni
814 2947 968 3005 ambiguitate
988 2945 1058 2992 vitati
1079 2963 1147 3005 quam
1163 2950 1218 2992 Mu-

100 3021 182 3069 retus,
202 3028 272 3072 quem
290 3020 364 3060 seentt
381 3016 487 3072 plerique
506 3017 648 3060 ediderunt:
674 3016 806 3075 agricolae
824 3041 834 3052 ·
853 3041 862 3051 -
881 3015 959 3070 doru
973 3018 1028 3061 lect.
1048 3018 1107 3063 Gdd.
1129 3024 1153 3063 et
1170 3018 1216 3065 1..:

101 3084 284 3145 -cgricolae
304 3108 313 3120 ·
333 3109 342 3120 -
360 3082 443 3128 deum.
481 3085 648 3144 intelliguntur
671 3098 754 3144 omnes
771 3086 815 3130 Dei
840 3091 968 3145 agrestes,
999 3087 1124 3140 Silvanus,
1157 3088 1217 3130 'l'er-

100 3157 197 3208 tatinus,
217 3154 335 3208 Priapus,
355 3153 463 3198 Pomona
481 3150 527 3198 cet.
583 3152 625 3199 21.
647 3153 712 3198 Tum
730 3155 804 3199 Voss.
830 3154 954 3212 (sequente
973 3154 1079 3200 consona
1096 3159 1217 3213 qualicun-

101 3223 168 3283 que.)
227 3223 349 3266 denotant
376 3227 436 3266 tune
459 3221 595 3281 significare
624 3229 716 3278 tempus
744 3225 883 3281 plerumque
914 3227 1096 3279 praeteritum,
1138 3227 1218 3269 rarius

100 3295 206 3339 futurum
224 3291 340 3350 singulari
360 3306 412 3336 curn
439 3293 481 3339 vi:
517 3299 584 3348 tum,
612 3295 674 3350 quod
702 3293 774 3353 etiam
801 3295 921 3348 praesenti
940 3298 1050 3348 aptetur,
1074 3295 1102 3348 1,
1124 3293 1153 3350 3,
1175 3294 1216 3340 ll.

101 3369 148 3409 eet.
169 3363 293 3407 sententiis
311 3362 476 3405 continuandis
501 3363 552 3406 sine
579 3363 690 3420 graviore
717 3362 832 3417 temporis
850 3356 972 3407 notatione
991 3363 1118 3407 inservire.
1174 3362 1216 3406 22.

97 3429 190 3492 parsu]
209 3446 263 3476 cum
281 3430 341 3474 Cdd.
360 3429 390 3474 1..
411 3431 467 3474 lude
485 3446 499 3474 a
518 3432 581 3476 Seal.
603 3430 706 3475 obtinuit
723 3443 849 3491 magna-e
865 3431 934 3475 libris
954 3432 1093 3487 quibusdam
1111 3433 1217 3484 illureti3

101 3505 125 3547 in
146 3516 191 3560 qua
211 3501 325 3554 interpol.
362 3502 424 3543 inest
454 3513 551 3544 acumen
580 3500 742 3552 Ouidianum,
771 3514 818 3544 non
837 3502 926 3545 candor
945 3500 1044 3548 Tibulli.
1102 3499 1143 3546 25.
1164 3501 1218 3544 lain

102 3571 175 3616 modo
200 3583 250 3614 non
275 3580 396 3626 pereum:
424 3559 481 3632 ἤδη
508 3569 674 3633 μονονουχὶ
696 3564 840 3633 δύναμαι,
868 3571 900 3613 ita
927 3575 952 3614 rt
980 3571 1112 3614 sententiae
1137 3573 1172 3614 vis
1194 3570 1217 3611 iu

102 3641 176 3686 verbo
193 3651 296 3697 porrum
316 3638 361 3681 sita
382 3637 421 3682 sit.
471 3638 523 3682 Gir.
544 3640 614 3698 Virg.
634 3638 696 3683 Aen.
718 3638 748 3692 9,
784 3635 840 3683 tlt.
858 3639 961 3696 penitae
979 3638 1051 3683 inodo
1068 3653 1118 3683 non
1135 3650 1218 3698 gentes

101 3724 173 3755 omne
189 3720 296 3766 perosor
313 3705 465 3751 Femineum.
477 3731 510 3742 -·
522 3706 577 3752 lum
591 3720 696 3765 porrum
715 3706 787 3752 inodo
805 3721 855 3752 non
873 3713 1010 3761 contentus,
1031 3710 1067 3751 vet
1087 3707 1140 3751 lam
1154 3722 1219 3767 poe-

101 3779 180 3832 eum,
193 3776 265 3822 inodo
278 3789 329 3820 uon
346 3781 475 3820 contentus
493 3776 524 3822 11.
543 3779 607 3822 coni.
630 3799 658 3810 -
677 3776 733 3821 lem
750 3775 822 3821 modo
839 3790 906 3821 nune
920 3790 1026 3834 possum
1045 3778 1120 3822 Godd.
1142 3777 1166 3821 2.
1187 3779 1219 3822 B.

100 3869 137 3883 -
152 3846 207 3891 lain
225 3844 312 3901 modo,
333 3846 385 3889 ium
405 3857 512 3902 porrum
535 3847 599 3891 coni.
624 3845 712 3900 curet.
736 3848 768 3891 V.
797 3846 895 3890 Lechm.
916 3847 1093 3891 coniecturam:
1115 3871 1147 3881 -
1164 3847 1218 3892 lum

101 3916 173 3962 modo
192 3916 217 3960 ei
231 3927 337 3972 pereum
355 3915 449 3958 collatis
468 3928 506 3958 vv.
528 3915 557 3969 1,
584 3913 614 3969 2,
642 3909 684 3962 il.
705 3938 737 3949 -
755 3913 813 3973 lpse
831 3914 903 3960 donee
921 3928 977 3959 inec
995 3916 1025 3960 ei
1049 3921 1128 3960 tecum
1148 3917 1219 3962 modo

101 3987 177 4033 Delia
199 3984 325 4042 poesim
343 3983 451 4044 Iungere
475 4008 484 4019 -
503 4008 513 4019 ·
531 3983 615 4029 mollia
633 3989 658 4028 et
674 3984 770 4028 incultu
787 3984 822 4028 ait
839 3982 902 4028 mitt
919 3998 1021 4029 eomuue
1039 3982 1130 4040 burno,
1160 4001 1218 4042 quo·

101 4071 155 4102 rum
168 4057 263 4100 diversa
287 4058 324 4097 est
342 4053 490 4097 constructio
511 4054 570 4098 nibil
595 4053 687 4097 insoliti
706 4053 813 4105 babens,
842 4053 921 4098 fateor
949 4054 987 4097 r'ne
1007 4068 1053 4097 nou
1073 4055 1216 4113 intelligere.
1265 4081 1268 4088 =

101 4126 232 4170 Praeterea
261 4123 357 4167 ubinam
384 4122 409 4166 si
427 4123 449 4165 iu
468 4135 518 4166 uon
532 4127 637 4169 mutatur
654 4137 668 4165 a
687 4120 816 4166 librariis?
850 4122 955 4166 Maxime
975 4128 1053 4168 autem
1073 4128 1110 4167 est
1127 4138 1218 4167 memo-

101 4195 177 4240 rabile
195 4196 243 4238 iam
269 4192 389 4246 Excerpta
416 4195 509 4236 vetusta
539 4193 628 4238 babere
651 4193 712 4237 buno
736 4205 759 4235 v.
787 4191 970 4246 interpolatum,
998 4191 1104 4236 Possum
1129 4195 1217 4251 quippe

101 4265 224 4324 egotam,
246 4261 371 4319 utaitL.;
392 4261 962 4324 apudScalig.:-Quippeegoiumpoeaum,
1000 4259 1042 4307 21.
1063 4261 1217 4308 irtuelientt.
1265 4312 1271 4317 ,
