2782 4762
77 334 168 419 Quid
185 345 340 421 nequeat;
362 330 452 401 linita
471 344 615 418 potestas
632 331 770 419 denique
791 333 934 420 quoique

76 438 224 521 Quanam
246 436 288 502 sit
308 436 435 503 ratione
457 449 553 525 atque
577 436 640 503 alte
661 435 827 519 terminus]
838 437 985 500 haerens.

145 542 244 623 Quod
266 549 429 625 superest,
451 561 491 605 ne
507 550 540 605 te
561 539 595 604 in
617 539 788 625 promissis
807 539 903 623 plura
922 557 1104 613 moremur,

78 642 252 728 Principio
275 642 375 707 maria
399 665 448 708 ac·
458 654 563 708 terras
588 643 773 729 caelumque
796 653 906 707 tuerer

79 747 230 830 Quorum
247 756 391 811 naturam
414 744 591 830 triplicem,
615 745 678 810 tria
700 766 861 829 corpora,
885 742 1039 821 Memmi,

79 847 178 915 Treis
200 848 325 933 species
345 861 409 913 tam
429 847 628 928 dissimileis,
650 847 713 914 tria
734 846 811 912 talia
828 857 934 926 texta,
1164 845 1205 911 95

78 953 153 1018 Una
178 951 247 1017 dies
267 951 356 1016 dabit
379 950 481 1016 exitio
511 952 693 1038 multosque
715 972 775 1035 per
795 972 897 1016 annos

81 1056 265 1121 Sustentata
283 1065 355 1120 ruet
378 1054 479 1120 moles
500 1065 532 1119 et
552 1053 700 1118 machina
724 1053 845 1119 mundi.

145 1159 218 1222 Nec
238 1178 290 1223 me
308 1156 405 1222 animi
422 1155 525 1234 fallit,
548 1179 643 1245 quam
666 1177 719 1222 res
741 1179 829 1222 nova
847 1156 993 1244 miraque
1014 1153 1111 1221 menti

79 1258 239 1338 Accidat,
259 1258 393 1325 exitium
413 1259 494 1325 caeli
514 1271 684 1347 terraeque
703 1260 866 1337 futurnm3

80 1363 129 1428 Et
146 1384 241 1448 quam
261 1361 388 1428 difficile
403 1362 438 1427 id
460 1361 538 1427 mihi
556 1362 598 1427 sit
619 1361 811 1448 pervincere
831 1362 944 1428 dictis:
1146 1361 1208 1424 100

81 1466 130 1531 Ut
149 1466 207 1543 fit,
229 1464 285 1530 ubi
307 1464 470 1531 insolitam
489 1488 556 1531 rem
579 1477 733 1549 apportes
754 1464 884 1530 auribus
903 1476 976 1530 ante

81 1569 157 1633 Nec
173 1579 278 1632 tamen
300 1570 385 1632 hanc
405 1567 515 1653 possis
529 1569 699 1634 oculorum
721 1569 859 1635 subdere
878 1568 950 1633 visu

81 1672 157 1736 Nec
176 1670 284 1737 iacere
306 1670 384 1735 indu
401 1692 529 1749 manus,
552 1671 605 1736 via
628 1694 691 1758 qua
714 1671 833 1736 munita
854 1670 931 1736 fidei

83 1775 252 1840 Proxuma
273 1773 340 1839 fert
360 1775 530 1837 humanum
551 1772 585 1838 iu
606 1785 719 1857 pectus
740 1773 923 1860 templaque
944 1772 1070 1839 meotis.
1170 1814 1173 1821 ,

84 1876 151 1941 Sed
168 1887 274 1941 tamen
295 1879 423 1942 effabor
435 1899 450 1940 :1
469 1876 563 1942 dictis
585 1876 673 1942 dabit
692 1876 763 1960 ipsa
784 1877 880 1940 fidem
902 1897 955 1940 res
1145 1875 1207 1940 105

82 1977 235 2044 Forsitan
257 1989 289 2043 et
307 1979 453 2065 graviter
471 1991 632 2045 terrarum
655 1978 796 2045 motibus
818 1977 901 2044 ortis

84 2079 203 2147 Omnia
226 2082 436 2168 conquassari
455 2080 489 2146 in
509 2104 613 2167 parvo
637 2093 785 2166 tempore
809 2101 941 2147 cernes:

84 2183 185 2266 Quod
204 2185 324 2268 procul
345 2185 477 2252 anobis
496 2186 605 2252 flectat
628 2186 776 2252 Fortuna
798 2187 998 2270 gubernatum

84 2287 131 2351 Et
151 2286 237 2353 ratio
259 2287 481 2374 potiusquam
503 2309 556 2353 res
575 2292 765 2373 persuadeat
783 2287 872 2373 ipsa,

84 2388 261 2455 Succidere
282 2389 460 2456 horrisono
480 2413 576 2476 posse
600 2391 707 2458 omnia
727 2391 814 2455 victa
832 2391 982 2476 fragore.
1145 2392 1208 2455 110

150 2491 222 2572 Qua
244 2491 336 2575 prius
356 2491 533 2578 aggrediar
554 2498 708 2579 quamde
729 2516 765 2559 re
785 2494 919 2558 fundere
939 2493 1006 2559 fata

84 2592 235 2660 Sanctius
256 2605 289 2658 et
306 2595 407 2661 multo
427 2607 517 2661 certa
537 2596 664 2662 ratione
684 2596 787 2683 magis
809 2619 904 2684 quam

84 2695 224 2778 Pythia,
247 2720 328 2784 quae
350 2697 480 2783 tripode
500 2721 518 2763 c
536 2699 668 2765 Phoebi
688 2700 846 2786 lauroque
868 2700 1038 2785 profatur,

83 2801 194 2866 Multa
214 2799 275 2865 tibi
297 2802 466 2886 expediam
487 2802 593 2867 doctis
614 2801 728 2868 solatia
750 2801 862 2868 dictis:

84 2902 261 2988 Religione
283 2904 463 2969 refrenatus
482 2927 523 2969 ue
543 2906 632 2971 sorte
652 2903 756 2970 rearis
1144 2908 1206 2972 115

86 3008 210 3072 Terras
231 3018 264 3072 et
285 3007 405 3085 solem,
428 3008 565 3086 caelum,
589 3030 693 3086 mare,
716 3007 839 3088 sidera,
862 3010 970 3073 lunam

38 3132 42 3139 ’
86 3107 244 3192 Corpore
265 3109 376 3176 divino
399 3113 517 3176 debere
538 3122 667 3176 aeterua
687 3135 810 3190 meare;

86 3214 335 3299 Proptereaque
357 3224 449 3297 putes
470 3212 537 3277 ritu
557 3236 619 3298 par
640 3236 708 3279 esse
730 3216 904 3301 Gigantum

85 3316 236 3381 Pendere
258 3338 315 3381 eos
336 3338 459 3400 poenas
481 3316 611 3381 immani
633 3339 696 3400 pro
716 3318 838 3383 scelere
863 3317 1004 3394 omneis,

87 3416 175 3501 Quoi
193 3418 319 3484 ratione
338 3441 395 3483 sua
414 3418 594 3484 disturbent
617 3419 744 3487 moenia
765 3420 874 3485 mundi
1148 3421 1210 3484 120

87 3521 363 3609 Praeclarumque
384 3520 484 3585 velint
504 3522 586 3588 caeli
603 3521 805 3607 restinguere
825 3523 944 3599 solem,

86 3623 289 3688 Immortalia
312 3625 443 3690 mortali
459 3646 606 3690 sermone
629 3635 790 3690 notantes.

87 3784 216 3851 ἐφικτὸν
241 3782 412 3859 ἡμετέροις,
443 3783 567 3861 ἧχερσὶ
583 3787 700 3853 λαβεῖν,
730 3783 805 3906 simp
822 3804 854 3842 τε
871 3789 999 3856 μεγίστη
1017 3785 1140 3852 πειθοῦς
1155 3783 1212 3841 οἷν-

87 3855 255 3928 bpolmososv
272 3853 421 3923 ἁμαξιτὸς
437 3860 480 3922 εἰς
491 3860 588 3931 φρένα
605 3861 711 3910 πίπτει.
748 3859 778 3906 10
800 3892 807 3905 .
826 3862 901 3906 wal.
915 3861 1037 3905 distinxit:
1058 3865 1081 3904 oi
1095 3861 1211 3922 graviter

87 3934 234 3984 terrarum,
254 3930 361 3978 motibus
378 3931 456 3985 ortis,
477 3928 569 3975 Omnia
586 3931 770 3990 conquesturi,
796 3936 822 3975 ut
840 3931 986 3975 constructio
1003 3935 1082 3976 esset:
1102 3931 1210 3976 motibus

87 3998 155 4044 ortis
173 4002 343 4058 conquassari
359 4001 444 4046 omnia
463 4005 607 4056 terrnrnm5
634 4003 676 4046 sed
701 4004 725 4045 et
742 4000 860 4045 Latinitas
877 4001 929 4054 ipsa
949 4005 973 4044 et
991 4000 1063 4044 totius
1082 4001 1129 4046 loci
1147 4002 1212 4045 ratio

87 4069 136 4114 boc
154 4071 275 4125 postulat:
294 4077 319 4115 st
335 4071 421 4116 omnin
438 4071 608 4130 conquassari
625 4071 689 4115 ortis
706 4076 834 4114 terrarum
852 4068 968 4117 ructibus.
997 4071 1062 4116 Male
1078 4070 1107 4115 C.
1128 4071 1157 4115 1..
1179 4071 1210 4118 ll.

87 4137 160 4184 orbis
179 4152 224 4195 pro
241 4139 316 4186 ortis.
363 4139 422 4189 108.
441 4146 535 4185 mutarn
552 4129 701 4201 gubertinus
716 4139 745 4185 C.
766 4154 819 4184 cum
837 4140 891 4185 aliis
910 4139 971 4185 Cdd.
991 4140 1072 4198 „quod
1091 4154 1104 4185 c
1122 4153 1146 4186 r.
1168 4137 1210 4185 is.

87 4209 136 4255 bue
154 4210 297 4254 translatum
314 4211 377 4256 cst.”
395 4210 471 4256 Forb.
509 4208 568 4256 113.
588 4227 604 4256 α
623 4212 652 4256 C.
664 4210 725 4255 End.
738 4214 795 4256 vett.
806 4210 850 4255 W.
869 4210 942 4255 Sede
954 4211 999 4255 Ar.
1011 4210 1042 4255 ll.
1054 4208 1145 4255 llicbst.
1158 4208 1211 4255 Cir.

88 4277 147 4325 Lib.
163 4276 193 4335 1,
208 4275 268 4326 ito.
307 4278 367 4328 117.
386 4294 489 4326 monere
501 4280 531 4328 L.
545 4281 576 4331 ll.
593 4287 678 4328 contra
689 4280 766 4338 cii„
786 4280 858 4326 stiam
874 4279 904 4326 C.
918 4279 948 4325 Ε.

141 4360 231 4417 Eelsgas
245 4361 303 4406 rost.
318 4363 363 4406 Lat.
941 4362 962 4424 4
