2782 4762
255 368 462 457 Saltuumque
485 376 722 441 reconditorum

252 471 466 559 Amniumque
488 488 667 541 sonantum.

317 595 370 656 Tu
392 595 517 660 Lucina
540 598 721 662 dolentibus

249 693 436 785 luno'3dicta
460 702 628 781 puerperis
639 721 653 785 :¹

252 799 303 860 Tu
326 809 440 879 potens
465 798 577 863 Trivia
600 812 632 863 et
653 805 754 868 notho
776 825 810 868 es

249 898 344 962 Dicta
366 902 486 964 lumine
507 904 615 965 Luna.

310 1003 362 1064 'l'u
385 1024 497 1079 eimau,
523 1004 610 1080 Dea,
637 1018 798 1069 menstruo

250 1103 391 1167 Motiens
414 1105 475 1168 iter
496 1116 651 1181 aunuum,

248 1206 381 1269 Rustica
405 1206 569 1291 agricolae
591 1210 685 1273 bonis

243 1311 348 1371 Tecta
370 1309 517 1393 frugibus
542 1311 666 1391 exples.

307 1409 358 1473 Sis
381 1432 574 1496 quoeunque
596 1412 653 1475 tibi
673 1414 780 1493 placet

241 1513 360 1574 Sancta
383 1513 528 1588 nomine,
546 1514 769 1598 Romulique,

241 1613 383 1696 Aulique
407 1626 441 1676 ut
463 1614 559 1677 solita
582 1635 631 1691 es,
656 1617 740 1678 bona

242 1715 389 1801 Sospites
413 1737 475 1798 ope
498 1728 637 1800 gentem.

596 1830 643 1891 x.
667 1830 750 1908 (rr.)
833 1809 839 1816 ’

522 1929 586 1995 AD
610 1930 822 1995 FUNDUM.

174 2036 205 2098 Ο
228 2033 323 2098 lunde
346 2044 476 2109 noster,
500 2055 557 2096 seu
580 2032 697 2095 Sabine
720 2054 776 2095 seu
799 2031 937 2108 tiburs,

108 2130 204 2214 (Nam
229 2149 259 2198 te
282 2157 353 2198 esse
377 2136 544 2199 'l'iburtem
568 2144 748 2212 autumant,
774 2134 890 2218 quibus
913 2149 1046 2207 nonest

110 2236 213 2303 Cordi
236 2237 396 2301 Catullum
418 2238 568 2300 laederer
593 2249 624 2299 at
647 2236 761 2321 quibus
784 2237 874 2300 cordi
896 2248 965 2309 est,

109 2339 236 2420 Quouis
260 2340 409 2403 Sabinum
434 2339 571 2425 pignore
594 2360 664 2401 esse
687 2340 882 2401 contendunt
893 2342 916 2416 a)

96 2444 169 2509 ,Sed
193 2463 249 2504 seu
274 2443 390 2504 Sabine
412 2442 481 2504 sive
505 2442 611 2504 verius
636 2440 756 2502 Tiburs

107 2543 168 2605 Fui
191 2544 326 2606 libenter
348 2546 380 2605 in
402 2555 455 2605 tun
477 2544 659 2605 suburbana

105 2645 193 2709 Villa
217 2642 391 2733 urslamque
415 2656 549 2727 pectore
572 2642 681 2725 expuli
704 2643 834 2720 tussim,

104 2749 181 2812 Non
203 2748 381 2810 immerenti
403 2769 498 2831 quam
523 2747 599 2809 mihi
621 2767 708 2809 meus
732 2757 861 2819 venter,

104 2850 189 2912 Dum
211 2863 415 2932 sumptuosas
438 2860 575 2932 appeto,
601 2849 702 2922 dedit,
728 2869 856 2910 coenas.

104 2954 184 3014 Nam
209 2953 369 3016 Sestianus
393 2956 466 3016 dum
489 2952 568 3015 volo
591 2972 660 3015 esso
683 2948 838 3023 conviva,

103 3055 290 3118 Orationem
313 3055 344 3118 iu
369 3056 501 3118 Antium
523 3056 693 3136 petitorem

101 3158 231 3220 Plenam
256 3157 369 3220 veneni
391 3170 421 3219 et
442 3156 639 3239 pestilentiae
662 3154 754 3236 legit.

101 3258 166 3321 Hie
188 3278 237 3321 rue
261 3263 404 3343 gravedo
428 3258 544 3343 frigida
568 3270 600 3318 et
620 3258 772 3338 frequens
796 3254 891 3320 umis
971 3250 990 3275 ’“

100 3361 293 3441 Qirassnvit,
319 3363 514 3444 usquedum
537 3359 569 3420 in
593 3371 681 3423 tuum
702 3358 803 3419 sinum
827 3356 896 3437 lugi

52 3460 56 3467 ’
99 3464 142 3524 Et
164 3485 213 3525 me
237 3463 384 3525 recuravi
407 3462 537 3545 otioque
560 3472 592 3523 et
614 3459 728 3528 urtica,

99 3566 207 3642 Qitare
229 3565 370 3626 relectus
393 3563 543 3629 inanimes
566 3562 624 3629 tibi
648 3573 757 3644 grates

97 3668 193 3750 Ago,
219 3689 320 3729 meum
344 3669 431 3750 quod
452 3687 515 3729 nou
532 3687 572 3732 ⁸es
595 3666 660 3726 ultn
683 3674 861 3745 peceatum,

96 3771 167 3830 Neo
189 3772 347 3850 deprecor
367 3768 452 3842 iam,
478 3767 505 3829 si
528 3767 648 3833 nefaria
673 3765 790 3844 scripta

96 3870 178 3932 Sesti
202 3892 357 3953 recepso‚
386 3870 462 3952 quin
486 3869 693 3952 gravedinem
714 3878 745 3928 et
768 3867 875 3936 tussim

96 3973 169 4034 Non
194 3974 253 4046 ml,
278 3963 332 4033 sed
354 3971 418 4053 ipsi
440 3971 547 4034 Sestio
568 3972 654 4033 serat
674 3970 798 4052 frigus,

94 4073 157 4153 Qui
180 4062 256 4135 tunc
277 4085 374 4137 vocat
396 4096 464 4148 me,
490 4093 586 4156 quoru
610 4073 724 4134 rnalum
749 4072 862 4134 librum
888 4072 977 4156 legit,

520 4267 801 4280 *—
