2782 4762
133 360 317 439 Interdum,
338 357 441 422 nihilo
464 370 546 444 quae
566 369 638 421 sont
662 360 824 421 metuenda
848 352 965 441 magis,
989 379 1084 443 qoam

134 463 227 543 Quae
248 461 361 545 puerei
383 462 416 525 in
438 461 579 525 tenebris
600 460 745 544 pavitant
767 462 954 546 linguntque
975 459 1097 525 sutura.

132 567 232 629 Hune
252 564 354 650 igitur
376 576 536 629 terrorem
559 563 655 628 animi
677 567 889 649 tenebrasque
911 575 1087 639 necessest,

53 734 57 741 ,
133 670 212 732 Non
232 667 332 731 radici
354 666 432 732 solis
454 689 513 731 nec
533 667 637 731 lueida
657 667 720 730 tela
745 666 807 730 dici

135 770 340 848 Discutiant,
363 774 418 836 sed
440 783 571 835 naturae
592 769 714 854 specics
736 771 904 857 ratioque:

133 874 212 956 Quo
235 873 337 959 inagis
356 874 518 957 inceptum
540 896 673 959 pergam
699 884 869 957 pertexere
889 873 995 939 dictis.

199 979 244 1040 Et
266 976 417 1063 quoniam
441 977 554 1053 docui,
580 976 687 1039 mundi
707 978 855 1041 mortalia
874 978 993 1062 templa

134 1081 217 1144 Esse
240 1091 272 1145 et
291 1079 402 1144 nativo
427 1078 603 1144 consistere
626 1101 770 1163 corpore
793 1080 935 1157 caelum;

134 1184 198 1260 Et,
221 1204 467 1269 quaequomque
488 1182 521 1245 in
543 1203 583 1247 eo
601 1184 681 1245 fiunt
700 1183 836 1269 fierique
855 1196 1029 1261 necessest,

134 1285 298 1371 Pleraque
315 1285 470 1361 dissolvi;
494 1307 576 1371 quae
598 1295 735 1362 restant,
759 1285 891 1368 percipe
909 1307 1034 1370 porro:

134 1387 404 1473 Quandoquidem
425 1389 521 1451 semel
544 1387 701 1472 insignem
722 1392 939 1453 conscendere
957 1412 1086 1453 currum

133 1497 152 1534 θ
175 1492 358 1555 Ventorum
381 1502 528 1554 exartant
551 1491 679 1574 placent
697 1502 731 1553 ut
752 1491 859 1556 omnia
878 1515 1005 1556 rursum

133 1600 153 1634 ὕ
176 1594 266 1682 Quae
283 1592 419 1670 suerint,
444 1594 506 1657 sint
525 1595 653 1676 placato
676 1616 838 1659 convorsa
857 1594 986 1660 favore.

199 1695 334 1773 Cetera,
358 1719 439 1782 quae
459 1696 533 1760 fieri
552 1697 584 1759 in
603 1697 699 1760 terris
723 1699 877 1782 caeloque
900 1709 1028 1761 tuentur

135 1799 319 1876 Mortales,
343 1798 469 1882 pavidis
488 1822 586 1884 quom
609 1804 748 1883 pendent
770 1800 920 1863 mentibu'
945 1823 1056 1883 saepe,

134 1902 288 1966 Efficiunt
312 1901 434 1967 animos
455 1901 602 1966 humileis
624 1902 797 1967 formidine
819 1903 928 1965 divdm

133 2006 382 2091 Depressosque
405 2018 554 2087 premunt
576 2010 616 2069 ad
634 2017 770 2082 terram3
794 2018 968 2089 propterca
991 2010 1080 2092 quod

134 2107 326 2192 Ignorantia
347 2130 528 2171 caussarum
552 2109 704 2174 conferre
722 2113 856 2174 deorum

133 2210 239 2295 Cogit
260 2215 300 2274 ad
315 2209 483 2294 imperium
502 2234 554 2276 res
572 2224 603 2276 et
622 2217 800 2277 concedere
822 2236 978 2298 regnum:

134 2314 282 2396 Quorum
306 2335 441 2397 operum
465 2337 590 2378 caussas
609 2316 695 2378 nulla
717 2316 843 2380 ratione
863 2316 972 2380 videre

134 2418 279 2481 Possunt
296 2439 334 2481 ae
354 2416 427 2480 fieri
446 2416 558 2482 divino
578 2418 703 2483 numine
724 2430 849 2482 rentur.

135 2522 219 2584 Nam
239 2523 321 2584 bene
340 2520 415 2606 quei
440 2520 582 2584 didicere
604 2525 682 2585 deos
705 2544 850 2585 securum
874 2544 971 2607 agere
991 2544 1121 2600 aevom,

134 2622 171 2686 Si
191 2636 295 2687 tamen
313 2623 434 2687 interea
455 2624 628 2700 mirantur,
653 2647 715 2711 qua
738 2625 862 2690 ratione

126 2765 229 2830 suerit,
250 2775 276 2814 ut
291 2771 363 2814 etium
382 2769 411 2814 C.
431 2770 462 2815 E.
482 2795 515 2804 -
535 2770 629 2834 flueret
647 2772 761 2815 patrueli
779 2771 832 2815 viro
850 2775 922 2829 utque
940 2771 1034 2815 reniret
1057 2772 1102 2816 Ar.
1121 2772 1152 2817 P.
1172 2773 1202 2821 a,
1225 2794 1254 2806 -

128 2839 226 2904 flueret
242 2845 350 2883 παίω-ιιι
369 2840 394 2883 υἱ
410 2841 527 2899 uarieque
546 2843 640 2885 voleret
658 2841 743 2885 Lamb.
764 2865 797 2874 —
810 2840 904 2903 flueret
921 2839 1046 2884 dbrtuuai'
1058 2840 1175 2901 uarieque
1190 2843 1256 2886 eolu-

134 2916 174 2954 ret
193 2910 304 2969 Preiger.
333 2916 461 2965 praeeunte
486 2912 584 2955 Vossio.
611 2911 670 2954 ilar.
701 2931 735 2943 -
759 2909 853 2972 strueret
879 2911 993 2954 naturali
1019 2911 1134 2966 rutione,
1162 2913 1258 2956 eoluret

134 2980 215 3024 Brutl.
253 2976 295 3024 33.
315 2979 495 3028 Atllar.eoui.
516 2979 767 3024 llamtatiaaudebat.
807 2977 848 3024 45.
870 2980 1254 3026 ltaCodd.Edd.vett.Av.P.A.

133 3049 221 3094 Lainb.
232 3045 425 3096 tttt.th.a1t.
437 3049 565 3112 fientque,
577 3064 679 3094 neeesse
691 3049 755 3094 Esse
766 3065 796 3093 eu
805 3049 911 3093 dissolui
923 3050 1007 3095 Lamb.
1022 3049 1046 3095 2.
1059 3052 1089 3094 Η.
1128 3048 1170 3096 48.
1191 3052 1222 3096 ll.
1237 3053 1255 3099 Ι.

135 3120 217 3163 omnia
236 3124 283 3162 tam
298 3120 386 3164 misere
406 3122 485 3163 luxata
503 3125 571 3174 sunt,
594 3125 618 3163 ut
636 3123 710 3164 satius
727 3122 835 3165 duxerim
854 3134 937 3165 versus
956 3122 1008 3165 siue
1026 3122 1168 3165 tuelioribus
1187 3121 1255 3165 libris

134 3203 255 3247 nunquam
268 3192 387 3232 sanandos
401 3191 513 3233 exhibere
528 3195 598 3245 prout
611 3193 721 3248 teguntur
731 3192 754 3234 in
767 3192 810 3237 Cd.
820 3192 848 3234 C.
857 3191 887 3234 E.
908 3215 940 3224 -
954 3193 1025 3235 Vind.
1043 3193 1173 3235 exircuat.
1193 3195 1253 3237 Ver.

133 3261 198 3307 Ven.
219 3265 339 3303 eructant.
371 3282 404 3292 -
437 3258 570 3303 lentorum
589 3260 756 3305 exhortentur
775 3274 833 3319 apae
852 3267 924 3320 utque
947 3261 1019 3305 obvie
1036 3276 1139 3305 rursum
1158 3263 1203 3306 Ar.
1223 3262 1254 3306 P.

135 3329 187 3375 cit.
216 3330 251 3373 lta
266 3334 290 3373 et
308 3330 390 3383 luula,
412 3332 453 3374 sed
469 3336 578 3374 votorum
592 3331 713 3375 substituit
728 3333 781 3374 loeo
800 3337 936 3374 erratorum.
957 3330 1257 3376 Vineeudiexltortutu’rt

134 3412 210 3456 aper,
239 3405 311 3458 atque
328 3399 400 3443 odric
417 3414 521 3444 ratraum
538 3401 624 3448 Latnb.
650 3399 725 3445 1564.
757 3402 782 3444 lu
801 3402 845 3444 Ed.
867 3406 945 3443 auteur
967 3406 1102 3455 posteriore
1124 3404 1152 3445 de
1171 3401 1256 3444 durati
1309 3397 1311 3401 ’

134 3469 217 3517 euni:
233 3481 272 3502 ·-
289 3474 361 3527 utque
380 3469 450 3512 obvie
469 3485 556 3514 eursu.
576 3491 610 3503 -
627 3469 749 3514 Vineeudi
767 3484 825 3526 sper
843 3467 946 3514 bortutc
959 3476 997 3514 est
1009 3476 1081 3528 utque
1094 3470 1165 3514 ebrie
1178 3484 1256 3514 eursu

135 3540 209 3593 Ham,
229 3538 352 3595 inquibus
372 3540 418 3582 iam
437 3554 480 3583 nee
498 3542 577 3583 votam
597 3555 639 3584 nee
658 3542 784 3598 uestigium
804 3542 880 3584 Codd.
900 3553 1027 3593 stipes-esse
1041 3542 1116 3584 vides.
1137 3564 1170 3573 -
1191 3539 1255 3583 Ven-

134 3615 218 3654 torum
234 3606 355 3652 exhortet
368 3609 480 3665 pellueie
499 3615 523 3652 et
540 3610 624 3653 omniu
643 3624 746 3654 rursum
765 3612 838 3654 Voss.
865 3633 898 3643 ·-
926 3608 1061 3654 Ventorum
1079 3609 1194 3652 excierat
1209 3623 1256 3665 pu·

135 3684 207 3723 eatur
225 3679 258 3736 (i.
273 3693 295 3726 e.
311 3680 331 3722 si
344 3679 396 3722 Diis
409 3681 500 3734 placet,
516 3680 633 3735 Epicurus
644 3680 662 3735 ι)
682 3687 705 3723 et
722 3681 807 3724 oraruiu
826 3694 938 3723 rursum.
960 3680 1031 3722 Wak.
1048 3678 1163 3731 (Eichst.)
1174 3679 1255 3722 conie-

136 3754 204 3793 ctura
222 3761 323 3804 prorsus
341 3749 505 3804 improbabili.
561 3748 602 3795 49.
615 3747 719 3809 suerint
738 3751 813 3793 Codd.
834 3751 941 3807 plerique
961 3749 1000 3803 (C.
1015 3747 1130 3797 E.tEdd.
1145 3753 1201 3795 vett.
1221 3772 1255 3782 —

127 3815 239 3878 suerunt
256 3820 328 3863 Vind.
348 3822 377 3863 Α.
397 3819 426 3863 L.
450 3820 479 3862 ll.
501 3844 533 3852 —
549 3817 666 3877 [tererent
684 3822 727 3864 W.
741 3821 805 3864 coni.
819 3820 912 3862 Eichst.
968 3818 1005 3861 lb.
1024 3817 1076 3860 aiut
1094 3817 1170 3862 Codd.
1190 3818 1253 3862 Edd.

136 3894 194 3933 vett.
208 3889 239 3933 A.
253 3888 345 3932 Eiehst.
365 3910 399 3919 —
419 3895 478 3933 erant
490 3889 519 3933 L.
531 3891 561 3935 ll.
575 3891 617 3934 W.
656 3891 691 3933 lb.
704 3887 797 3949 surore
812 3887 1255 3949 Codd.Edd.velt.A.Lamb.1.W.

136 3956 275 4018 -surore
293 3958 398 4002 duratus
417 3961 481 4004 coni.
501 3960 530 4004 L.
552 3958 576 4004 2.
597 3961 627 4004 lt.
647 3961 740 4004 Eiehst.
766 3959 867 4016 Forbig.
887 3960 915 4001 de
934 3970 976 4000 sua
996 3957 1059 4001 coni.
1079 3957 1112 4001 ita
1134 3958 1258 4003 coustituit

136 4031 230 4074 locum:
265 4026 392 4072 Vectorem
411 4029 547 4073 exhortent
561 4029 719 4086 plaudendo,
750 4035 776 4073 ut
792 4029 863 4072 obuio
881 4040 960 4071 eursu
979 4026 1046 4087 (larue
1057 4023 1174 4084 suerint,
1204 4029 1257 4072 rint

133 4099 235 4156 plueuto
253 4112 375 4143 convorsa
385 4097 489 4159 surore.
528 4097 569 4145 52.
590 4099 710 4162 Efficiam
727 4099 765 4143 Pii
785 4098 860 4142 Codd.
875 4097 906 4142 a,
918 4098 946 4141 L.
960 4098 989 4142 lt.
1001 4097 1092 4142 Eichst.
1113 4123 1146 4131 —
1165 4096 1198 4141 Et
1207 4094 1254 4156 fu·

136 4170 207 4214 ciuut
224 4169 299 4213 Codd.
317 4169 378 4214 Edd.
396 4176 452 4217 vett.
472 4171 515 4214 W.
547 4170 574 4213 ln
590 4171 634 4214 buc
652 4172 707 4215 leet.
729 4170 877 4224 respondent
900 4168 946 4211 sibi
964 4167 997 4211 Et
1015 4195 1025 4204 ·
1044 4193 1054 4203 ·
1073 4181 1135 4226 que,·
1160 4169 1253 4212 ratione

137 4245 215 4285 tamea
234 4239 295 4283 haud
314 4241 385 4284 nimis
403 4246 468 4296 apta.
519 4236 560 4286 55.
580 4254 703 4302 reguum,
723 4246 747 4283 et
764 4240 793 4283 L.
808 4240 838 4283 ll.
886 4236 917 4284 56
932 4243 956 4285 st
968 4230 1010 4286 57.
1030 4238 1130 4298 „Apage
1146 4249 1255 4288 ταυτο-

136 4307 249 4376 λογὶαν.
268 4310 349 4366 luepte
365 4311 410 4356 huc
428 4311 513 4356 inserti
529 4315 584 4356 suut
600 4314 668 4357 ex'v.
684 4309 743 4357 89.”
760 4311 839 4356 Beutl.
853 4306 891 4370 (i)
