2782 4762
127 167 130 174 ’
180 199 241 261 aa

183 357 246 418 Sed
264 364 330 414 tum
350 360 468 413 maesta
490 346 594 411 virum
617 345 742 409 mittens
772 366 853 429 quae
884 347 984 408 verba
1004 346 1113 408 locuta
1128 347 1176 407 es!

245 451 411 535 Iuppiter,
435 462 469 513 ut
488 436 713 512 tristi⁶lumina
733 469 826 528 saepe
848 451 959 511 manul
1218 467 1222 474 ·
1258 445 1300 505 30

183 555 264 638 Quis
282 567 312 618 te
335 551 471 615 mutavit
487 562 591 613 tantus
615 550 711 612 deus?
734 570 773 610 an
796 551 885 632 quod
907 560 1044 611 amantes

246 659 323 720 Non
344 655 443 736 longe
467 674 484 714 a
508 673 584 715 earo
609 672 750 731 corpore
770 651 879 712 abesse
899 650 1033 713 volunt?

183 761 292 844 Atque
314 756 361 819 ibi
384 777 432 817 rue
454 753 576 816 cunetis
595 773 658 833 pro
681 750 766 813 <laici
789 750 926 833 coniuge
950 750 1033 812 divis

246 862 323 922 Non
341 857 409 919 sine
430 854 557 917 taurino
580 852 732 935 sanguine
751 851 897 932 pollicita
921 874 971 926 es,

185 961 222 1024 Si
244 959 380 1023 reditum
401 956 570 1021 tetulisset.
615 957 648 1017 Is
669 956 753 1015 haud
774 952 806 1014 in
828 964 974 1034 tempore
995 954 1096 1037 longo
1261 955 1301 1016 35

249 1061 385 1141 Captam
408 1057 518 1120 Asiam
543 1055 688 1138 Aegypti
709 1054 824 1116 finibus
848 1053 1024 1116 addiderat.

186 1163 267 1244 Quis
287 1183 350 1244 ego
372 1181 434 1241 pro
452 1158 546 1220 factis
565 1150 692 1219 caelesti
712 1155 834 1216 reddita
858 1166 953 1216 coetu

250 1261 392 1326 Pristina
416 1271 492 1323 vota
515 1279 601 1321 novo
626 1278 754 1318 munere
778 1254 934 1318 dissoluo.

175 1363 310 1437 invita,
334 1384 354 1425 o
379 1360 510 1442 regina,
534 1370 589 1419 tuo
610 1361 648 1420 de
670 1356 792 1418 vertice
814 1356 912 1430 cessi,

250 1464 372 1537 iuvita,
396 1460 509 1523 adiuro
532 1471 626 1543 teque
647 1470 798 1541 tuumque
820 1461 931 1539 caput!
1262 1466 1304 1524 4ο

241 1689 283 1736 30.
303 1689 387 1734 terisli
402 1687 479 1732 Codd.
498 1711 531 1722 -
549 1687 623 1732 tereti
637 1687 681 1731 Aa.
700 1687 770 1730 Aldd.
809 1684 851 1730 33.
869 1685 947 1745 Atque
960 1687 996 1731 ibi
1010 1701 1048 1730 me
1064 1688 1162 1731 cuaeiie
1179 1690 1303 1747 Cololius,

186 1762 318 1815 Perreius;
335 1760 388 1802 Sill.
402 1757 501 1801 Lachm.
516 1757 558 1801 Br.
578 1758 630 1800 Gir.
651 1758 673 1800 in
690 1757 775 1810 primis
791 1757 925 1813 Silliginm,
943 1757 981 1813 qni
1000 1758 1125 1811 pristinum
1141 1771 1220 1801 meum
1236 1772 1305 1802 erro·

187 1844 239 1874 rem
252 1835 316 1872 recte
333 1828 448 1870 correxit.
469 1826 526 1868 Scil.
545 1812 704 1869 Callimachus
721 1826 786 1878 ipse:
816 1821 870 1872 τὸν
887 1823 1045 1894 Βερενίκης
1060 1820 1248 1894 Βόστρυχον,
1267 1819 1305 1873 ὃν

187 1898 270 1960 κείνη
295 1893 385 1944 πᾶσιν
410 1887 501 1956 ἔθηκε
524 1891 618 1952 Θεοῖς.
645 1898 669 1936 el
690 1892 796 1949 Hyginus
819 1894 917 1937 asu-on.
938 1893 967 1946 2,
990 1893 1032 1940 21.
1054 1899 1153 1937 leslalur
1172 1896 1304 1938 Berenicen

189 1969 267 2010 crines
279 1966 332 2009 Diis
348 1965 480 2007 devovisse.
502 1986 534 1994 -
552 1962 629 2019 Atque
648 1963 682 2004 ita
701 1975 739 2003 me
759 1956 782 2004 e.
804 1962 862 2005 Cod.
878 1963 947 2005 Bodl.
960 1963 1127 2016 protuvatek.
1148 1985 1180 1995 -
1199 1962 1305 2021 Atquae

190 2035 239 2088 ibi,
250 2047 299 2090 pro
317 2032 364 2088 (vel
377 2028 453 2087 proli)
469 2031 566 2073 cunctis
584 2032 686 2073 Fuscus.
706 2031 769 2073 Seal.
792 2051 820 2062 ·-
840 2030 919 2088 Atque
937 2031 972 2072 ibi
986 2044 1035 2086 pro
1053 2031 1151 2074 eunetis
1169 2031 1229 2075 Cdd.
1247 2034 1305 2088 aliq.

188 2104 235 2147 Ed.
250 2117 286 2156 pr.
331 2097 372 2144 35.
393 2099 516 2143 letulieeet
534 2098 662 2153 (audisset
682 2100 757 2141 Codd.
775 2100 874 2155 aliquot.
893 2100 938 2143 Ed.
956 2099 1006 2153 pr.)
1025 2101 1048 2142 is
1064 2105 1107 2142 aut
1122 2099 1198 2143 Codd.
1219 2100 1304 2143 Ambr.

119 2162 122 2167 ’
188 2172 317 2214 Eduveu.
338 2192 371 2203 —
389 2168 562 2220 retulissetis,
576 2165 645 2209 haud
658 2166 702 2209 liv.
717 2168 787 2209 Aldd.
808 2168 987 2211 lb.addideral
1003 2168 1078 2214 Codd.
1092 2169 1206 2211 Atnbros.
1221 2166 1245 2213 sl.
1256 2168 1302 2213 Ed.

190 2255 228 2296 pr.
240 2263 272 2272 ·-
282 2239 367 2284 valeti.
386 2236 510 2278 Daeieriae
527 2237 590 2282 coni.
606 2235 711 2287 recepit:
732 2235 761 2278 Si
773 2235 881 2279 reditum
893 2238 1016 2280 lelulisael
1033 2239 1071 2290 is,
1083 2243 1135 2280 aaut
1152 2238 1179 2280 ni
1196 2242 1306 2293 tempore

191 2335 200 2344 -
220 2333 230 2344 ·
249 2306 384 2351 addiderit.
403 2303 540 2358 (addiderit
555 2304 616 2346 Edd.
637 2301 720 2355 retu),
749 2306 790 2347 sed
813 2307 903 2348 otrrisso
924 2307 1086 2363 ingratissimo
1104 2311 1239 2360 temporum
1257 2307 1307 2349 dis-

191 2390 277 2428 sensu,
308 2388 377 2432 quem
397 2374 542 2416 devitatur-us
560 2372 644 2416 vitet.
663 2372 772 2423 probavit
787 2373 858 2415 etiam
877 2373 977 2417 Guarini
997 2374 1131 2427 adiiceret,
1155 2376 1306 2428 (proponens

191 2449 305 2499 insuper:
326 2445 364 2495 ie,
384 2439 490 2498 itaulque
508 2441 534 2484 in
554 2466 563 2475 -
582 2464 592 2475 ·
611 2438 750 2494 addiderit,
773 2443 882 2498 languide
900 2442 989 2498 salis3)
1008 2445 1126 2486 neminem
1144 2442 1304 2500 iugerearbi·

190 2521 257 2562 tuor.
287 2515 374 2568 quanto
398 2511 474 2567 inagis
499 2511 580 2552 deceat
601 2511 711 2564 reginam
731 2523 774 2562 pro
798 2512 851 2552 solo
870 2512 1011 2554 arnalissimi
1030 2513 1137 2568 coniugis
1155 2513 1233 2554 reditu
1251 2516 1307 2554 vota

191 2582 334 2635 concipere;
361 2584 493 2635 quantoque
512 2578 643 2630 rtraiorilius
661 2590 715 2619 eum
734 2579 812 2621 nervis
831 2592 947 2632 prospere
965 2581 1066 2623 cessisse
1086 2580 1218 2623 Ptolemaei
1235 2592 1307 2634 expe·

192 2651 305 2695 ditionem
325 2650 430 2692 declaret
447 2647 529 2689 Vossii
548 2647 682 2698 distinctio,
708 2659 777 2702 quam
795 2660 848 2689 cum
866 2648 938 2690 Fosc.
959 2649 1125 2702 praetulimus.
1146 2649 1236 2704 (sieque
1251 2653 1306 2702 post

191 2733 230 2763 tue
250 2720 321 2762 eliam
337 2717 389 2759 Sili.
407 2714 517 2769 Larhm.)
573 2713 613 2758 38.
633 2712 741 2766 dissolui
754 2716 839 2759 Valrk.
895 2712 937 2759 10,
957 2711 1015 2778 σήν
1038 2729 1069 2764 τε
1086 2712 1182 2784 κάρην
1201 2708 1308 2777 (11μοοα

192 2781 249 2835 σόν
267 2799 298 2834 τε
314 2783 392 2844 βίον.
412 2784 507 2827 Gallim.
546 2780 588 2827 41.
606 2782 694 2842 Digna
705 2780 809 2840 seram,
829 2781 894 2841 quod
911 2784 935 2826 si
953 2783 1014 2841 quid
1030 2786 1143 2828 inaniter
1161 2785 1307 2829 adiurarim

194 2855 270 2900 Guar.
321 2850 361 2899 102.
380 2853 437 2910 quis
456 2865 508 2895 eum
526 2854 579 2895 aliis
599 2854 651 2896 Sili.
672 2854 751 2908 Vulgo
766 2852 817 2910 qui.
864 2849 905 2895 143.
925 2854 1041 2896 maxima
1062 2854 1137 2897 Codd.
1153 2866 1244 2896 omnes.
1260 2853 1306 2896 Ed.

192 2938 230 2978 pr.
243 2921 420 2965 Aldd.Laehm.
441 2943 473 2952 -
492 2921 632 2964 anaximum
643 2921 795 2965 Guar.Scal.
851 2921 886 2967 lb.
905 2920 932 2963 in
950 2923 1004 2965 oris
1023 2924 1095 2976 Vulp.
1113 2924 1156 2974 „in
1173 2922 1309 2967 litoribus?

193 2994 240 3037 Sed
256 2992 335 3033 minus
355 2991 425 3032 solite
442 2990 529 3033 dictum
545 3003 597 3033 esse
616 2992 708 3034 videtur
724 3002 767 3042 pro
783 2989 810 3031 in
824 2994 950 3032 terrarum
968 2990 1032 3033 orie.
1051 2991 1149 3034 Lueret.
1164 2988 1194 3043 4,
1210 2988 1270 3034 216.
1285 2994 1309 3032 el

192 3061 269 3116 magis
290 3059 396 3112 apposite
413 3058 483 3113 virg.
508 3058 567 3101 Aen.
588 3055 617 3110 3,
640 3056 701 3103 lu:
738 3056 787 3100 Hie
804 3057 892 3102 dolatu
909 3057 1006 3101 Aeneae
1024 3061 1122 3102 eunetis
1139 3058 1309 3102 dominabitur

194 3130 258 3171 oris.
280 3127 342 3182 quod
360 3139 407 3167 non
426 3137 556 3182 agnoscens
572 3127 655 3169 valen.
671 3128 762 3179 recepit
780 3126 886 3170 italicam
902 3127 1109 3180 interpolationem
1123 3127 1184 3170 Cod.
1197 3128 1306 3170 Salbanl.

195 3197 340 3249 eandemque
355 3196 437 3235 durati
456 3194 519 3236 coni.
536 3194 563 3236 in
577 3193 645 3236 orbe.
677 3195 758 3237 Altera
778 3195 890 3248 interpol.
905 3196 1002 3239 inlidd.
1022 3202 1079 3239 velt.
1096 3200 1233 3249 comparet:
1255 3208 1307 3238 ma-

194 3264 268 3307 :cima
283 3266 353 3305 natu.
392 3257 433 3304 tl.
454 3259 575 3317 Pliptiae,
596 3258 724 3316 Phillaiae,
744 3260 848 3305 Pklltiae
862 3262 937 3306 Codd.
950 3265 1075 3312 Eddvett.
1090 3288 1123 3297 -
1143 3262 1223 3307 Titiae
1232 3266 1307 3306 Voss.

194 3333 274 3375 Bentl.
297 3331 352 3381 Sol,
367 3329 442 3372 Thiae
456 3333 479 3372 et
492 3329 635 3382 Hyperionis
648 3328 720 3373 filius.
732 3329 830 3375 Hesiod.
843 3323 967 3389 Theogon.
981 3331 1039 3376 371.
1058 3332 1129 3376 Pind.
1141 3333 1224 3376 tethin.
1237 3329 1266 3386 5,
1284 3330 1307 3374 l.

193 3396 295 3466 Μᾶτερ
309 3391 401 3444 Ἁλίου
421 3394 593 3460 πολυώνυμε
610 3395 692 3445 Θεία.
747 3395 788 3447 45,
815 3410 922 3455 propere
942 3402 992 3455 (sio
1008 3401 1131 3455 Lacum),
1156 3401 1307 3457 propriore,

190 3479 333 3526 properare
351 3462 403 3522 (sic
419 3466 480 3509 Cod.
497 3466 610 3509 limbi-os.
628 3467 657 3509 Y.
674 3463 775 3523 Fore),
790 3481 943 3524 perrupere,
959 3483 1103 3527 prorupere
1117 3470 1193 3513 Codd.
1210 3475 1233 3512 et
1246 3469 1307 3512 Edd.

194 3543 253 3582 vett.
273 3557 309 3570 -·
326 3534 508 3595 ruperelGuar.
525 3536 608 3579 Heius.
629 3558 661 3568 -
680 3535 796 3591 irrupere
814 3539 858 3583 Au.
874 3538 942 3580 Aldd.
971 3559 1000 3570 ·-
1026 3540 1222 3595 pepulere-Stat.
1240 3539 1307 3581 Sunt.

195 3629 229 3641 -
244 3617 365 3663 peperere
378 3605 451 3646 Voss.
462 3604 536 3650 Doer.
546 3604 630 3649 Valek.
643 3605 721 3647 omnia
734 3607 770 3648 vel
783 3611 909 3662 corrupta,
922 3607 957 3650 vel
969 3607 1074 3663 inrerta3
1092 3619 1231 3664 properare
1244 3611 1309 3650 eerte

196 3689 249 3720 cum
268 3673 379 3716 Daeierin
401 3686 444 3726 pro
459 3684 627 3729 properavero
646 3673 759 3727 explicari
781 3674 872 3730 nequit.
900 3673 988 3717 Nescio
1010 3676 1047 3718 oui
1066 3677 1089 3719 in
1108 3680 1213 3719 mentem
1228 3675 1308 3719 venit:

192 3756 333 3801 proruere,
354 3744 430 3795 prima
443 3746 568 3795 correpto,
590 3747 614 3785 ut
631 3738 676 3794 64,
694 3738 753 3785 261.
774 3742 863 3786 audire
880 3739 1093 3799 prosaniLneret.
1111 3741 1139 3798 6,
1159 3741 1217 3788 417.
1237 3749 1310 3802 alque

192 3812 400 3869 procellaseet„
420 3812 462 3852 sed
480 3809 525 3853 hoe
544 3823 636 3865 qnoque
660 3824 743 3864 parum
761 3812 847 3865 placet.
877 3812 945 3855 Alius
967 3813 1126 3870 excogitavit:
1156 3825 1264 3868 rapuere
1280 3825 1310 3856 ex
1373 3814 1377 3821 ‘

195 3881 267 3924 Pers.
281 3877 373 3931 sau5,
399 3874 474 3922 ltu:
511 3876 639 3936 Aegaeum
651 3879 749 3936 rapiar.
767 3903 799 3913 ·-
813 3881 948 3936 propulere
961 3881 1022 3924 ent.
1043 3881 1310 3933 leneus.eollaloPro-

196 3952 259 4001 pert.
275 3943 304 3999 3,
322 3941 367 3998 21,
389 3944 431 3988 11.
456 3951 527 4004 tuque
551 3952 592 3989 tuo
610 3943 716 3991 Goleiton
730 3949 860 4005 propellas
878 3949 974 4007 remige
987 3946 1091 3995 Phasin.
1147 3946 1189 3995 47.
1204 3946 1311 4007 sariunt

197 4015 257 4060 (iod.
271 4014 341 4057 Bodl.
358 4014 429 4067 prob.
449 4015 516 4075 Sunt.
533 4015 708 4059 reiicitValek.
741 4014 782 4059 la.
803 4017 917 4070 uelitum,
936 4017 1068 4071 caelitum,
1088 4018 1230 4070 coelorum,
1250 4018 1310 4060 telo·

196 4096 253 4127 ram
261 4113 267 4135 ,
287 4081 411 4124 scelerum
421 4083 469 4136 (ila
480 4084 592 4128 Ambros.
606 4080 642 4137 4.)
657 4084 733 4127 Codd.
753 4084 799 4128 Sed
809 4098 880 4141 quum
893 4085 975 4128 schol.
988 4087 1017 4129 ad
1029 4086 1109 4140 Apoll.
1122 4086 1200 4129 llhod.
1210 4083 1235 4140 2,
1249 4083 1319 4131 375.Ι

196 4151 277 4196 Paris.
296 4153 320 4193 et
334 4149 406 4207 Vntg.
423 4150 480 4194 haee
495 4152 611 4196 habeant:
630 4147 766 4212 Χάλυβες
783 4145 1059 4213 (tetragammum,
1077 4150 1153 4216 μετὰ
1169 4148 1224 4203 τὸν
1236 4151 1310 4222 Θερ-

196 4213 358 4284 μώδοντα,)
377 4214 408 4266 οἱ
423 4214 646 4290 σμυγερώτατοι
662 4218 714 4270 καὶ
731 4216 957 4273 ἐπιπονέστατοι
967 4219 1027 4273 τῶν
1038 4215 1216 4290 duraedirae,
1234 4215 1310 4273 ἀτει-
