2782 4762
175 175 237 236 212

175 335 288 396 Verba
311 345 407 416 togae
429 332 590 418 sequeris,
615 331 759 395 iunctura
784 334 915 396 callidus
937 333 1022 410 acri,

177 435 245 498 Orc
268 448 354 499 teres
376 435 522 510 modico,
548 435 702 516 pallentes
726 439 840 499 radere
863 458 969 500 mores

176 537 301 602 Doctus
325 550 359 600 et
377 538 516 621 ingenuo
540 538 664 619 eulpam
688 537 827 621 deligere
849 539 939 602 ludo.

177 638 262 702 Hinc
284 641 393 714 trabe,
419 660 499 722 quae
521 639 627 701 dicas:
653 661 841 724 mensasque
864 641 1006 724 relinque
1030 642 1177 722 Mycenis

177 741 257 806 Cum
281 743 384 823 capite
407 741 616 821 etpedibus,
640 741 830 825 plebeiuque
853 744 985 824 prandia
1010 744 1133 806 noris.''
1158 779 1199 789 -

77 887 80 891 -
176 846 252 908 Non
275 843 420 929 equidem
444 845 507 906 hoc
529 847 663 919 studeo,
689 845 814 907 bullatis
837 858 871 907 ut
894 846 968 907 mihi
992 846 1085 929 nrrgis

178 945 302 1031 Pagina
326 958 488 1029 turgescat
511 950 586 1009 dare
608 949 734 1026 pondus
757 947 873 1010 idonea
895 949 1008 1022 fum03

179 1048 301 1111 secreti
323 1048 496 1131 loquimur.
543 1048 617 1110 Tibi
640 1070 742 1123 niune,
767 1050 915 1112 hortante
938 1050 1099 1126 Camena,

177 1152 374 1214 Excutienda
398 1152 508 1212 damus
530 1150 738 1231 praecordia3
764 1164 942 1235 quantaque
965 1166 1095 1217 nostrae

178 1255 260 1316 Pars
283 1264 336 1313 tua
360 1252 416 1327 sit,
444 1252 607 1330 Cornum,
632 1252 768 1328 animae,
794 1254 871 1330 tibi,
897 1255 996 1318 dulcis
1021 1257 1141 1330 amice,

180 1354 365 1418 Ostendissc
388 1355 487 1417 iuvat.
532 1356 653 1428 Pulsa,
679 1355 868 1438 dignoscere
892 1370 1001 1419 eaustus

180 1456 265 1537 Quid
287 1457 421 1520 solidum
445 1468 556 1538 crepet
579 1469 608 1516 et
631 1457 735 1538 pictae
757 1460 893 1522 tectoria
918 1459 1056 1544 linguae.
1258 1461 1300 1522 25

177 1560 242 1621 Hic
264 1581 328 1641 ego
352 1570 500 1622 centenas
523 1558 623 1620 ausim
646 1562 821 1640 deposcere
845 1582 961 1635 voces,

179 1663 242 1737 Ut,
268 1674 419 1744 qnantum
443 1661 517 1723 mibi
540 1674 569 1723 te
592 1661 723 1725 sinuoso
747 1664 776 1723 in
799 1675 933 1745 pectore
955 1665 1027 1739 fixi,

178 1765 272 1827 Voce
295 1765 415 1825 traham
438 1785 519 1844 pura
542 1775 708 1845 totumque
731 1767 793 1828 hoe
818 1769 914 1829 verba
938 1766 1121 1851 resignent,

179 1867 276 1946 Quod
298 1866 374 1928 latet
396 1887 507 1927 arcana
532 1886 595 1927 non
620 1869 798 1929 enarrabile
822 1868 915 1931 fibra.
939 1903 979 1913 ·-

178 1968 283 2047 Quom
307 1968 442 2048 priunum
464 1967 581 2049 pavido
605 1980 713 2031 custos
736 1970 812 2032 mihi
834 1992 978 2053 purpura
1002 1973 1095 2034 cessit
1258 1974 1301 2036 30

177 2070 340 2154 Bullaque
362 2069 528 2132 succinctis
551 2071 691 2132 Laribus
716 2073 829 2134 donata
853 2075 1022 2154 pependit3

178 2171 283 2251 Quom
306 2171 414 2233 blandi
435 2171 587 2246 comites,
612 2182 743 2253 totaque
766 2173 893 2254 impune
917 2177 1060 2237 Suburra

178 2273 330 2338 Permisit
351 2273 503 2354 sparsisse
527 2272 638 2336 oculos
661 2273 720 2335 iam
745 2276 893 2337 candidus
917 2279 1034 2339 umbo:
1129 2292 1132 2297 '

179 2375 349 2462 Quomque
370 2376 431 2438 iter
453 2374 631 2458 ambiguum
656 2387 703 2437 cst
726 2388 757 2438 et
779 2377 863 2439 vitae
886 2378 1009 2439 nescius
1034 2399 1127 2442 error

179 2477 311 2541 Diducit
332 2477 470 2559 trepidas
492 2498 617 2540 ramosa
640 2477 671 2538 in
695 2479 834 2560 compita
859 2492 996 2556 mentes,
1256 2484 1298 2547 35

251 2694 293 2743 15.
321 2697 398 2757 teres]
430 2700 491 2743 Cod.
515 2712 574 2742 unus
596 2699 738 2743 Achaintrii.
766 2722 798 2732 —
826 2699 889 2742 teris
908 2698 998 2745 Omnes
1019 2701 1076 2744 mei.
1116 2696 1157 2745 17.
1179 2721 1208 2732 -·
1229 2699 1299 2745 dices

179 2772 210 2814 V.
231 2770 389 2828 (incusatque
403 2768 493 2814 Omnes
512 2762 585 2829 mei.)
624 2767 663 2813 19.
686 2789 715 2799 -
735 2765 775 2812 hic
792 2768 878 2812 studeo
896 2769 949 2812 TA.
987 2768 1023 2811 lb.
1043 2767 1156 2826 bullatis]
1175 2770 1298 2814 Tvsam.

179 2860 214 2876 ι-
227 2839 335 2895 pollutis
354 2839 406 2882 RE.
426 2838 526 2894 „sicque
546 2838 693 2881 Cornutus.”
711 2838 739 2882 F.
789 2835 830 2885 21.
852 2859 881 2871 -
901 2838 1000 2882 Secreta
1022 2838 1052 2882 Ρι.
1104 2836 1145 2882 21.
1166 2837 1299 2882 dinoscere

178 2908 248 2953 ESA.
268 2927 299 2944 ι-
316 2907 506 2952 disnosccrelt.
554 2903 596 2950 25.
616 2905 731 2964 tectoria]
750 2907 848 2951 TSAM.
871 2927 898 2939 -·
916 2908 1041 2964 plectoriu
1062 2907 1136 2951 RVE.
1176 2905 1218 2952 26.
1237 2906 1298 2966 Hic]

180 2978 254 3022 Tttv.
276 2997 305 3011 -·
327 2975 375 3021 His
393 2975 552 3020 ES.-Huc
565 2977 595 3019 A.
617 2975 658 3020 28.
678 2975 723 3020 Aoc
740 2974 824 3034 rerba]
843 2975 937 3020 VE.-
950 2974 1012 3019 haec
1030 2990 1052 3021 o.
1073 2977 1192 3021 TRSAM.
1212 2976 1249 3022 lb.
1263 2997 1299 3010 ·-·

178 3047 293 3106 resignet
310 3047 336 3090 S.
375 3042 416 3090 32.
441 3056 471 3088 =
492 3045 592 3089 Subura
606 3045 681 3090 Esm.
702 3070 734 3079 -
753 3045 842 3089 subire
860 3048 892 3089 V.
912 3045 1008 3090 -sub
1029 3045 1117 3089 umbro
1132 3047 1161 3090 R.
1200 3043 1242 3090 33.
1262 3069 1296 3078 —

177 3115 303 3159 Permittit
319 3114 371 3158 ΤΑ.
411 3112 452 3163 31.
472 3121 504 3150 -’
518 3114 663 3174 ambiguum
680 3121 704 3159 et
722 3116 752 3159 T.
772 3115 809 3158 lb.
829 3136 863 3149 -
882 3114 974 3159 horror
993 3115 1022 3159 F.
1070 3112 1110 3160 35.
1131 3113 1246 3173 Didueit]
1265 3115 1296 3158 E.

178 3183 279 3228 deducit
297 3184 437 3228 TRVSAM.

251 3342 292 3389 15.
317 3347 380 3389 teris
400 3346 429 3390 P.
481 3342 520 3389 17.
542 3358 700 3408 mensumque
723 3359 745 3390 r.
796 3342 837 3389 20.
861 3346 968 3402 pullatis
986 3345 1015 3389 P.
1066 3342 1109 3388 26.
1128 3341 1176 3389 His
1194 3345 1296 3412 erW.

181 3411 223 3459 32.
243 3413 344 3459 Sabatra
363 3416 393 3460 P.

177 3507 327 3521 -——-—

248 3558 290 3604 ll.
312 3558 393 3603 Verbo
411 3563 484 3617 togae
508 3555 632 3616 sequeris]
652 3557 721 3615 Toga
739 3563 776 3601 est
792 3569 878 3612 purum
898 3557 1010 3611 pallium,
1041 3555 1118 3599 forma
1137 3557 1252 3609 rotunda,
1274 3561 1299 3600 et

177 3630 268 3673 fusiora
285 3633 355 3685 atquo
373 3629 499 3671 inundante
519 3628 591 3682 sinu;
613 3632 636 3670 et
654 3627 698 3670 sub
715 3628 798 3670 dextro
817 3627 928 3679 veniens,
949 3639 1021 3678 super
1034 3626 1159 3668 humerum
1171 3625 1298 3669 sinistrum

176 3700 288 3754 ponitur:
308 3699 374 3741 cuins
393 3696 571 3740 similitudinem
587 3697 610 3738 in
630 3697 785 3749 operimentis
807 3697 992 3738 simulacrorum
1009 3696 1045 3737 vot
1066 3695 1213 3749 picturarum
1233 3695 1297 3749 aspi-

177 3769 270 3821 cimus,
290 3780 376 3822 casque
399 3771 489 3809 statuas
510 3769 603 3822 togatas
621 3778 744 3812 vocamus.
791 3765 860 3823 Toga
877 3777 935 3808 vero
953 3763 1056 3807 Romani
1074 3764 1097 3806 in
1118 3776 1176 3816 parc
1198 3762 1298 3807 uteban-

176 3841 230 3891 tur,
250 3839 273 3880 in
284 3836 348 3881 betto
361 3836 543 3890 paludamentis.
568 3835 682 3877 Mensura
692 3839 761 3891 togae
776 3835 850 3878 iustae
864 3847 934 3877 senas
945 3834 1012 3876 ulnas
1023 3832 1133 3876 habebat.
1155 3829 1196 3874 22.
1213 3829 1297 3892 Quan-

177 3912 249 3964 toque
265 3911 367 3950 nostrae
377 3904 442 3948 Pure
455 3909 498 3947 tuu
515 3904 559 3956 sit,
574 3898 688 3957 Cornuto,
702 3902 812 3961 unitrice]
834 3903 957 3948 Sententia
970 3902 1131 3959 aPythagora
1150 3904 1241 3954 tracta,
1261 3903 1297 3944 di·

176 3975 273 4018 midiam
288 3975 379 4017 animae
395 3987 451 4016 snae
470 3978 563 4026 partem
585 3972 641 4014 dicit
659 3971 807 4025 Cornutum,
839 3977 865 4015 nt
880 3971 993 4014 Horatius
1012 3970 1051 4024 (C.
1074 3969 1097 4025 1,
1121 3967 1144 4023 3,
1165 3966 1202 4023 8.)
1239 3969 1298 4013 Vir-

178 4043 277 4102 gitimut
302 4041 336 4086 Et
358 4056 443 4086 aeruca
467 4041 568 4086 animae
592 4039 724 4085 dionidium
743 4054 822 4083 meac.
867 4037 908 4084 31.
934 4039 1075 4085 Succinctic
1094 4036 1214 4095 Laribus]
1234 4039 1298 4095 Quia

177 4112 271 4157 Gabino
287 4111 367 4155 habitu
384 4114 507 4168 cinctuque
525 4110 556 4154 dii
573 4115 669 4164 penates
687 4110 866 4162 formabantur,
887 4108 993 4152 obvoluti
1011 4114 1066 4166 toga
1083 4120 1155 4162 snper
1170 4108 1297 4151 humerum

173 4181 313 4236 sinistrum,
346 4182 430 4224 dextro
458 4182 531 4224 nudo.
582 4177 622 4223 33.
643 4176 771 4222 Candidus
802 4177 884 4237 umbo]
912 4173 1126 4236 συνεκδοχικῶς
1155 4191 1199 4233 pro
1227 4182 1294 4234 toga.

176 4252 288 4310 Alioquin
309 4257 333 4296 ct
348 4251 370 4293 in
391 4254 512 4305 praetexta
532 4249 645 4301 candidus
662 4248 733 4292 umbo
752 4253 797 4291 cst.
