2782 4762
341 318 406 389 llle
428 318 563 386 diductis
585 320 754 387 revolutus
775 319 834 385 alis

343 422 413 490 Ter
435 435 549 511 quater
570 424 714 508 plaudit:
737 424 901 510 taciteque
922 436 1059 510 propter

342 521 512 588 Verticem
534 523 662 606 lapsus,
685 523 795 608 posito
816 523 966 589 renidens

429 628 600 691 stemmate
622 625 708 691 sidit.

341 748 389 812 At
411 746 505 810 simul
526 768 611 811 vano
634 769 744 812 manus
766 769 842 813 ausa
864 760 955 815 motu

343 850 462 915 Tendit
482 850 516 913 in
538 851 683 926 laurum,
707 851 792 937 sugit
814 863 846 916 et
868 852 1023 918 cachinno
1268 857 1310 918 10

337 941 434 1017 'Lene
458 974 612 1017 succusso
634 975 716 1037 puer
738 956 802 1019 ales
824 957 893 1020 elu-

426 1066 531 1120 ctatur
552 1055 584 1119 in
608 1056 718 1120 altum.

344 1177 515 1263 Quisquis,
541 1199 561 1242 ο
583 1199 719 1263 nequam
739 1198 839 1261 puer,
862 1178 993 1245 inficeto

343 1282 402 1345 Me
423 1281 498 1345 ioco
522 1280 622 1357 ludis;
645 1285 735 1368 quod
756 1284 875 1359 habes,
899 1286 1017 1348 habeto

344 1385 466 1449 Munus
488 1396 521 1447 et
542 1405 650 1448 serva.
697 1388 818 1450 Tamen
840 1386 908 1452 istu
921 1409 1079 1471 nunquam
1266 1392 1307 1455 15

430 1488 522 1552 Serta
543 1486 656 1570 petivi.

346 1611 424 1674 Nou
446 1609 552 1672 minor
574 1621 662 1672 vates
686 1609 759 1673 ideo
782 1613 961 1674 canendus:

348 1712 404 1789 Si,
428 1714 517 1795 quod
538 1715 705 1776 attondent
726 1712 839 1777 folium
862 1714 1021 1796 capellae,

348 1815 425 1880 Vile
449 1827 668 1891 contemnam,
692 1837 751 1878 nec
772 1815 885 1879 amicta
907 1816 1025 1880 circum

432 1921 598 2002 Tempora
620 1930 755 2002 gestem.
1263 1921 1306 1984 20

255 2193 320 2257 x1.
358 2171 519 2257 rodun
541 2190 720 2255 Arnum
743 2191 904 2255 tuusne
928 2191 1229 2257 nusmuuuuu
1303 2157 1304 2160 ‘

180 2312 394 2380 nnuuum
417 2309 896 2425 uun-osco-cuuuuu,
928 2313 1133 2379 nonnum
1155 2314 1306 2380 vaun-

534 2435 641 2500 nuu
664 2433 945 2498 Poeninum.

559 2576 747 2658 Repulsam
768 2574 918 2659 patitur.

681 2696 801 2768 coins.

351 2821 480 2887 Sincera
503 2821 529 2886 si
551 2843 601 2884 me
624 2821 819 2887 Castalidum
842 2824 915 2886 data

351 2924 447 2990 Fides
468 2924 571 3008 priori
592 2924 731 2989 restituit
752 2916 847 3003 luco,

436 3019 729 3093 Amoris'exorare
750 3028 867 3114 pignus

518 3130 604 3194 Pace
627 3142 679 3194 tua
701 3131 812 3209 liceat,
837 3132 963 3196 Thalia.

678 3232 808 3306 ruanis.

352 3364 553 3448 Quamquam
576 3361 626 3426 bis
650 3361 795 3447 geminos
816 3382 913 3426 servo
936 3361 1100 3428 biverticis
1292 3369 1312 3430 5

353 3465 506 3532 Parnassi
527 3466 699 3549 scopulos,
723 3478 898 3550 propterea
919 3465 997 3529 mihi

438 3571 515 3634 Non
538 3581 586 3633 est
606 3569 713 3654 lingua
736 3564 858 3633 bisulca

522 3673 594 3736 Nec
615 3693 703 3748 mens
725 3683 780 3734 aut
802 3672 923 3737 animus
946 3675 1077 3757 duplex.

684 3797 803 3866 noina,

360 3922 390 3986 0
413 3944 494 4007 ergo
516 3921 655 3997 fontem,
679 3944 774 4005 quem
798 3932 889 4003 pater
910 3919 1033 3991 Ennius

357 4027 402 4089 Et
423 4024 584 4088 tussientis
605 4025 715 4108 pulmo
740 4024 893 4099 Laberii,

445 4129 547 4211 Quem
570 4150 647 4192 cana
668 4126 783 4192 libavit
805 4129 979 4204 Vetustas,
1089 4177 1093 4183 .

527 4232 636 4318 Virgo
659 4231 734 4295 mihi
757 4252 918 4316 generosa
940 4241 1094 4297 monstra.
