2782 4762
128 172 169 232 10

127 326 274 412 Denique
297 348 357 409 per
379 325 477 388 maria
500 346 537 387 ac
560 322 694 387 monteio
715 323 897 410 fluviosque
918 323 1064 407 rapaceis

127 428 402 514 Frondiferasque
425 432 539 492 domos
561 425 666 490 avium
688 448 883 513 camposque
907 425 1058 491 virenteis

129 533 286 600 Omnibus
307 530 462 595 incutiens
483 531 632 592 blandum
654 551 713 612 per
735 541 870 612 pectora
894 551 1052 605 amorem,

128 635 260 712 Efficis,
284 647 318 697 ut
339 632 453 716 cupide
477 631 651 716 generatim
674 631 759 696 secla
779 643 975 715 propagent.
1037 704 1039 709 ¹

145 820 147 822 Ι
192 740 281 819 Quae
304 737 454 823 quoniam
477 757 584 798 rerum
606 746 750 798 naturam
773 735 843 798 sola
865 738 1042 820 gubernas,

128 845 199 906 Nec
219 841 287 905 sine
308 853 339 903 te
362 838 534 924 quidquam
558 836 625 900 dias
645 836 684 900 in
701 836 828 900 luminis
851 858 925 901 oras

127 944 289 1010 Exoritur
310 964 412 1028 neque
434 943 472 1004 fit
492 941 608 1004 laetum
631 962 690 1004 nee
713 939 848 1003 amabile
870 940 1062 1026 quidquam;

129 1052 178 1111 Te
202 1045 326 1110 sociam
348 1048 460 1109 studeo
483 1042 664 1107 scribundis
687 1042 835 1106 versibus
857 1064 941 1119 esse,

129 1151 221 1231 Quos
241 1171 304 1233 ego
330 1151 498 1211 derorum
520 1157 632 1209 natura
654 1168 796 1231 pangere
819 1166 924 1210 conor

127 1251 342 1315 Memmiadae
363 1261 499 1315 nostro:
523 1271 616 1335 quem
637 1260 691 1324 tu,
714 1250 801 1325 Dea,
824 1261 971 1332 tempore
993 1249 1025 1312 in
1048 1250 1134 1314 omni

129 1353 286 1419 Omnibus
309 1365 455 1418 ornatum
478 1351 610 1416 voluisti
632 1352 790 1443 excellere
812 1355 922 1416 rebus.

129 1459 203 1539 Quo
226 1455 329 1541 magis
351 1467 511 1527 aeternum
536 1458 576 1517 da
599 1453 710 1532 dictis,
733 1454 835 1531 Diva,
858 1455 1016 1538 leporem.

128 1561 245 1635 Effice,
268 1571 304 1621 ut
323 1557 445 1622 interea
458 1549 536 1622 'sera
558 1579 709 1622 moenera
731 1557 858 1622 militiai

128 1665 195 1728 Per
217 1661 318 1724 maria
340 1683 377 1724 ac
398 1674 502 1724 terras
524 1660 645 1725 omneis
666 1658 773 1742 sopita
793 1660 970 1745 quiescant.

127 1767 211 1829 Nam
233 1777 267 1828 tu
289 1764 358 1829 sola
379 1775 473 1847 potes
493 1763 666 1849 tranquilla
688 1785 768 1846 pace
793 1763 905 1827 iuvare

128 1867 323 1932 Mortaleis:
349 1867 501 1952 qnoniam
522 1866 600 1930 belli
621 1867 692 1930 fera
715 1889 866 1931 moenera
887 1868 1029 1931 Mavors

128 1971 339 2054 Armipotens
360 1970 461 2055 regit,
485 1970 519 2032 in
539 1968 694 2054 gremium
715 1968 770 2054 qui
793 1992 887 2052 saepe
907 1981 993 2032 tuum
1017 1992 1049 2033 se

129 2074 250 2139 Reiicit
272 2070 404 2137 aeterno
427 2072 572 2136 devictus
594 2073 727 2136 volnere
752 2071 889 2137 amoris:

128 2180 237 2262 Atque
259 2176 321 2251 ita,
345 2174 520 2258 suspiciens
539 2174 635 2238 tereti
657 2174 786 2239 cervice
808 2188 957 2260 reposta,

127 2280 239 2344 Pascit
260 2301 371 2343 amore
394 2277 524 2353 avidos,
547 2276 671 2340 inhians
692 2277 725 2340 in
746 2291 793 2355 te,
820 2279 907 2355 Dea,
931 2280 1018 2344 visus

128 2386 221 2469 Eque
243 2395 298 2446 tuo
320 2384 437 2464 pendet
458 2380 601 2463 resupini
623 2379 755 2463 spiritns
779 2404 849 2446 ore.

128 2489 224 2550 Hunc
246 2498 298 2561 tu,
321 2483 425 2564 Diva,
447 2496 502 2548 tuo
526 2487 731 2548 recubantem
757 2507 900 2569 corpore
923 2500 1034 2553 sancto

131 2589 334 2655 Circumfusa
355 2610 468 2671 super,
492 2587 616 2650 suaveis
637 2610 678 2651 ex
698 2610 756 2652 ore
781 2589 927 2674 loquelas

128 2697 257 2770 Funde,
281 2705 391 2775 petens
413 2691 572 2775 placidam
595 2690 769 2767 Romanis,
791 2692 929 2770 incluta,
952 2717 1077 2777 pacem.

128 2801 210 2860 Nam
234 2819 336 2882 neque
359 2818 418 2860 nos
441 2816 537 2880 agere
560 2797 625 2858 hoc
647 2795 764 2878 patriai
786 2809 934 2880 tempore
957 2797 1070 2884 iniquo

128 2904 303 2965 Possumus
327 2922 430 2985 aequo
454 2898 579 2973 animo;
604 2920 662 2962 nec
684 2898 819 2963 Memmi
842 2900 929 2964 clara
950 2923 1102 2986 propago

130 3004 263 3068 Talibus
286 3003 320 3065 in
342 3006 437 3066 rebus
462 3002 622 3066 communi
642 3005 732 3066 ddsse
755 3004 861 3066 saluti.

181 3159 222 3204 22.
251 3159 404 3214 Empedoclis
423 3159 510 3217 fragm.
531 3161 569 3203 ed.
590 3159 695 3211 Peyron.
716 3173 740 3214 p.
761 3158 803 3204 54.
824 3155 973 3230 Κύπριδος
997 3161 1032 3218 (l.
1047 3178 1069 3207 e·
1084 3162 1196 3226 φιλίας)
1214 3163 1246 3215 ἐν

128 3225 298 3298 παλάμῃσιν
317 3222 368 3278 ὅτε
385 3222 440 3288 ξὺν
454 3223 542 3296 πρῶτ’
557 3221 700 3288 ἐφύοντο.
738 3226 780 3274 23.
799 3231 1065 3277 tununtsoraecmd.
1080 3237 1244 3281 cuncti.Edd.
1270 3263 1273 3272 .

127 3306 185 3346 vett.
205 3300 297 3344 Ennius
316 3301 343 3343 de
362 3298 480 3344 Romulo:
512 3305 538 3341 tu
552 3296 703 3355 produxisti
728 3313 774 3344 uos
793 3300 862 3343 intra
885 3301 991 3346 lurninis
1008 3316 1079 3347 oras.
1100 3304 1152 3349 cn.
1173 3308 1244 3365 Virg.

128 3372 174 3415 Ge.
190 3367 221 3424 2,
242 3366 284 3414 47.
304 3370 384 3424 ibique
402 3370 475 3412 Voss.
495 3368 661 3412 Lachmaunns
681 3376 757 3414 temen
778 3371 807 3412 ad
825 3370 900 3425 Prop.
914 3372 940 3426 l,
956 3371 985 3424 1,
1001 3369 1042 3417 31.
1079 3375 1139 3429 „Sic
1158 3376 1245 3432 ubique

127 3441 231 3485 luminis
250 3445 273 3484 et
291 3439 360 3482 αϊνιέ
378 3452 458 3482 cirros
476 3439 670 3483 dissentientibus
689 3441 795 3497 quamvis
815 3453 887 3497 saepe
905 3443 990 3496 libris,
1016 3457 1062 3486 nou
1080 3457 1141 3488 oras
1159 3446 1246 3490 scribi-

128 3525 195 3562 mus,
227 3511 281 3566 quia
300 3509 370 3552 adria
388 3523 468 3553 ouras
486 3509 624 3553 Lucretium
642 3510 668 3564 1,
689 3508 754 3565 208,
775 3507 840 3564 801,
862 3508 939 3557 1086.
960 3513 1053 3557 dedisse
1073 3520 1165 3558 certum
1184 3515 1247 3560 est.’¹

128 3583 173 3625 Sed
186 3581 315 3633 differunt,
337 3579 437 3633 opinor,
457 3579 562 3622 lerninis
581 3593 641 3622 orne
660 3581 749 3634 (immo
768 3586 792 3625 et
809 3579 920 3626 certeris
932 3596 993 3625 orae
1007 3579 1036 3637 6,
1053 3581 1108 3636 61.)
1127 3585 1157 3628 ab
1176 3585 1247 3630 odric

128 3651 215 3706 auris,
235 3664 258 3694 v.
275 3647 299 3693 3.
314 3647 373 3693 847.
394 3646 576 3702 ef1·.etta1n5,
593 3647 652 3694 779.
690 3649 732 3697 27.
753 3651 782 3695 G.
796 3652 924 3696 Memmius
944 3652 1066 3697 Gemellus
1085 3655 1114 3698 L.
1129 3655 1158 3699 F.
1173 3655 1243 3698 Trib.

127 3723 160 3777 pl.
181 3736 205 3765 u.
225 3735 246 3768 c.
268 3717 326 3765 687..
347 3719 486 3773 Lucullum,
508 3725 531 3764 et
549 3725 646 3773 praetor
665 3733 689 3764 u.
703 3735 725 3764 c.
742 3719 800 3768 695.
838 3721 968 3766 Caesarem
988 3727 1156 3777 proconsulem
1174 3736 1245 3768 vexa·

127 3793 176 3845 vit;
205 3806 266 3834 anno
287 3788 345 3836 699.
365 3792 416 3844 ipse
439 3804 451 3832 a
470 3793 499 3847 Q.
520 3789 609 3833 Erucio
630 3790 732 3834 ambitus
758 3795 882 3836 accusatus
906 3797 929 3836 ct
952 3794 1077 3838 damnatus
1095 3795 1201 3839 Athenas
1221 3796 1245 3839 in

128 3862 226 3906 exilium
239 3861 354 3914 secessit,
374 3874 422 3917 quo
434 3860 521 3906 Cicero
540 3875 564 3902 a·
585 3857 643 3905 702.
664 3862 692 3904 ad
711 3875 765 3905 cum
784 3861 849 3906 dedit
865 3861 927 3916 Epp.
947 3863 976 3906 ad
994 3863 1049 3913 niv.
1066 3861 1112 3920 13,
1128 3863 1157 3918 1,
1173 3862 1204 3918 2,
1219 3862 1243 3910 3.

128 3933 200 3976 Poe'si
214 3944 307 3988 qnoque
320 3931 423 3983 studuit,
444 3933 574 3989 etquidem
588 3931 734 3985 impudicae:
756 3931 826 3976 Ovid.
842 3929 1024 3987 Trist.2,t.'33.
1045 3935 1110 3979 Ptin.
1121 3935 1168 3990 Ep.
1181 3932 1206 3993 5,
1219 3931 1243 3982 3.

127 4017 151 4046 r.
171 4003 265 4046 Wetzcl
284 4003 312 4044 ad
331 4001 383 4044 Cic.
402 4003 472 4045 Brut.
491 4017 513 4045 c.
536 3996 577 4045 70.
623 3997 664 4045 30.
684 3999 718 4044 Et
727 3996 791 4060 sace
809 4000 838 4047 Β.
890 3998 931 4049 35.
951 4003 987 4046 lta
1006 4004 1083 4048 Codd.
1103 4005 1166 4049 Edd.
1185 4009 1243 4049 vett.

127 4086 221 4117 omnes.
249 4093 284 4106 -υ
314 4069 443 4115 devinctus
460 4073 489 4117 L.
511 4071 590 4115 ll.-de
609 4085 654 4126 qua
672 4071 774 4115 lectione
792 4085 840 4116 non
860 4072 998 4116 dubitarunt
1015 4075 1095 4118 Bentl.
1116 4079 1140 4119 et
1157 4075 1245 4120 Valclr.

127 4143 156 4186 ad
174 4142 270 4186 Gallim.
290 4141 388 4200 Fragor.
409 4154 463 4198 pag.
486 4142 544 4188 117.
573 4140 634 4185 Aen.
656 4138 680 4188 8.
702 4138 762 4186 294.
811 4139 876 4185 Tum
896 4147 972 4201 poter
995 4149 1096 4188 aeterno
1107 4141 1185 4203 solur
1203 4144 1246 4189 de-

127 4213 224 4258 vinctus
241 4225 343 4266 crnore;
363 4212 402 4255 ubi
421 4214 503 4257 eadem
520 4213 638 4265 varietas,
671 4212 712 4255 sed
731 4211 755 4255 b.
775 4213 792 4255 l.
813 4212 885 4256 ctiam
903 4227 957 4258 cum
975 4212 1006 4256 G.
1027 4213 1056 4258 G.
1075 4213 1105 4258 E.
1125 4215 1154 4258 F.
1174 4229 1245 4270 prae·

126 4284 179 4327 tero
197 4281 318 4328 devictus.
357 4279 398 4327 36.
418 4283 555 4340 aruspicans
574 4282 669 4339 quidam
689 4282 749 4338 apud
768 4282 848 4328 Pium.
870 4283 906 4332 lb.
936 4288 1061 4340 reportem
1081 4285 1166 4331 lleins.
1188 4299 1244 4340 pro-
