2782 4762
176 192 239 254 lbl

241 351 286 412 Et
308 347 437 411 solitum
461 343 612 429 armigeri
635 342 740 407 ducite
762 363 876 405 munus
899 342 987 425 equi.

180 449 294 516 Omina
316 448 418 510 fausta
442 466 535 509 cano.
581 444 721 509 Crassos
745 444 930 526 clademque
952 443 1059 524 piate:

241 552 292 614 Ite
315 561 345 612 et
367 550 531 612 Romanae
554 545 710 610 consulite
733 543 897 608 historiae.

178 654 270 716 Mars
293 663 384 733 pater
407 661 439 711 et
460 668 569 710 sacrae
591 646 699 709 satalia
720 646 838 708 lumina
860 647 1002 719 Vestae,

240 754 326 816 Ante
349 771 437 814 meos
461 749 567 811 obitus
589 748 650 822 sit,
673 767 815 828 precor,
839 746 892 807 illa
914 744 1003 819 dies,

180 856 250 936 Qua
273 853 394 916 videam
418 850 529 932 spoliis
552 859 703 911 oneratos
727 845 875 912 Caesaris
897 867 992 920 axes,

244 955 299 1018 Aa
320 952 410 1036 vulgi
431 952 560 1033 plausus
583 970 679 1030 saepe
701 949 849 1011 resistere
872 967 993 1031 equos,

180 1057 284 1139 Inque
306 1054 375 1116 sinu
398 1073 490 1114 carae
513 1052 606 1113 nixus
633 1060 778 1131 spectare
801 1049 927 1128 puellae

243 1154 397 1236 Incipiam
421 1165 452 1215 ct
474 1151 574 1214 titulis
597 1150 716 1232 oppida
739 1161 832 1230 capta
854 1151 985 1231 legam,

183 1257 264 1320 Tela
286 1255 409 1338 fugacis
431 1253 505 1335 eqni
527 1262 559 1314 et
581 1251 722 1314 braccati
745 1249 851 1319 militis
874 1270 967 1312 arens
1048 1303 1051 1308 .

244 1359 289 1419 Et
311 1357 421 1418 subter
442 1364 555 1434 captos
578 1374 665 1415 arma
688 1354 799 1414 sedere
822 1353 932 1413 duces.
1000 1365 1005 1370 ·

185 1460 261 1539 Ipsa
282 1469 368 1518 tuam
392 1476 484 1517 serva
507 1455 654 1534 prolem,
679 1453 811 1514 Venus:
836 1454 899 1514 boc
921 1450 1017 1514 sitin
1040 1473 1170 1530 aevum,

246 1555 360 1621 Cernis
385 1558 425 1617 ab
448 1556 559 1618 Aenea
583 1555 671 1637 quod
692 1572 860 1633 superesse
884 1563 993 1635 eaput.
1261 1553 1304 1613 20

182 1660 308 1723 Praeda
330 1657 372 1719 sit
393 1659 472 1720 haec
493 1655 573 1729 illis,
596 1674 733 1735 quorum
756 1672 901 1715 meruere
923 1654 1072 1718 labores:

246 1761 305 1822 Me
327 1769 376 1821 sat
399 1758 459 1821 erit
482 1759 582 1821 Sacra
603 1754 755 1836 plaudere
778 1774 875 1835 posse
898 1754 962 1817 via.

447 1945 525 2004 Lm.
550 1941 617 2004 111.
641 1941 735 2018 nv.)
779 1939 959 2002 annom
980 1897 1046 2003 1vss

183 2064 279 2129 Pacis
301 2064 405 2126 Amor
428 2065 505 2124 deus
530 2071 595 2133 est,
619 2080 730 2139 pacem
751 2080 942 2121 veneramur
962 2070 1120 2121 amantes:

249 2167 339 2226 Stant
361 2162 435 2224 mihi
459 2183 529 2225 eum
549 2159 675 2223 domina
699 2159 823 2241 proelia
850 2162 929 2222 dura
954 2180 1034 2221 mea.

184 2268 258 2331 Non
278 2278 380 2328 tamen
404 2262 510 2326 inviso
532 2273 644 2343 pectus
667 2260 742 2323 mibi
766 2261 908 2341 carpitur
933 2281 1031 2336 auro,

247 2369 317 2428 Nec
341 2364 423 2427 bibit
443 2385 461 2424 a
484 2384 606 2446 gemma
632 2360 730 2424 divite
755 2372 865 2424 nostra
888 2359 969 2424 sitis.

184 2470 255 2531 Nec
277 2465 352 2528 mihi
374 2465 458 2527 mille
481 2463 566 2546 iugis
590 2461 765 2542 Campania
787 2461 915 2544 pinguis
937 2472 1063 2538 aratur,

247 2572 318 2631 Nee
340 2565 434 2629 miser
457 2585 529 2627 aera
553 2562 759 2644 paccelade,
786 2561 962 2638 Corinthe,
985 2574 1053 2625 tua.

186 2669 216 2732 Ο
240 2669 343 2750 prima
365 2666 476 2729 infelix
497 2665 630 2748 fingenti
651 2676 737 2725 terra
760 2664 974 2727 Prometheo!

248 2769 308 2831 Ille
330 2789 442 2848 parum
465 2765 550 2828 cauti
570 2763 712 2846 pectoris
730 2763 799 2846 egit
821 2784 922 2844 opus:

255 2988 280 3031 d.
300 2987 434 3040 „Adducite
460 2998 546 3041 equum
571 2985 727 3038 bellatorem,
755 2989 782 3028 nt
803 2997 847 3028 auo
876 2997 975 3032 munere
997 2985 1021 3028 in
1040 2987 1140 3040 proeliis
1166 2986 1307 3046 iungatur.”

181 3080 220 3089 --
239 3055 329 3099 sumite
347 3066 438 3097 torenna
456 3054 539 3097 Bnrm.
559 3053 630 3108 prob.
654 3053 755 3097 Hofmau
774 3053 917 3108 Peerlkamp
937 3053 968 3096 N.
990 3053 1054 3098 Bibl.
1068 3056 1130 3098 Crit.
1147 3051 1171 3099 5.
1198 3069 1222 3110 p.
1243 3054 1304 3102 171.

186 3124 271 3168 larobs
289 3122 415 3177 proponit:
441 3119 475 3164 Et
492 3121 606 3179 solitum,
636 3122 778 3181 armigeri,
808 3120 900 3166 cludile
918 3135 1023 3175 munus,
1054 3123 1127 3182 equi!
1155 3124 1173 3168 i.
1193 3136 1216 3172 e.
1237 3126 1306 3179 „iam

185 3192 279 3237 bellicis
297 3191 383 3233 uestris
404 3189 528 3233 laboribus
551 3187 623 3233 finem
641 3190 783 3244 imponite.”
830 3191 876 3234 Sed
898 3192 1018 3247 quomodo
1042 3192 1065 3235 id
1091 3192 1115 3234 b.
1143 3193 1160 3235 l.
1181 3194 1304 3248 quadret,

185 3259 225 3304 nbi
244 3260 272 3302 de
291 3258 442 3312 expeditione
466 3258 616 3312 suscipienda
634 3260 761 3303 manifesto
787 3271 867 3302 sermo
887 3257 942 3304 est?
968 3260 1004 3302 Ac
1028 3260 1048 3303 si
1066 3259 1146 3316 dicas,
1167 3261 1203 3303 sie
1223 3261 1306 3315 profe·

184 3329 288 3373 ctionem
306 3331 330 3371 et
347 3327 472 3372 victoriam
493 3327 620 3384 coniungi,
640 3329 727 3371 nimius
745 3327 854 3381 proiecto
879 3332 944 3372 esset
961 3328 1081 3371 cbiasmns
1101 3329 1164 3373 inter
1187 3329 1307 3387 imagines

182 3403 241 3441 tunc
261 3408 362 3451 prorsus
381 3396 504 3450 dispares,
536 3397 630 3439 navium
656 3398 685 3439 ad
715 3396 804 3438 bellum
834 3394 1035 3450 proficiscentium
1062 3401 1086 3440 st
1110 3409 1227 3453 equorum
1250 3402 1307 3452 post
1384 3400 1387 3404 “

184 3466 311 3510 victoriam
322 3465 478 3509 cessantium.
517 3461 541 3508 9.
568 3463 692 3507 ltnCodd.
713 3476 807 3508 noveru.
828 3464 857 3508 1..
877 3465 926 3509 lac.
945 3463 1124 3522 -elcdeepua
1141 3465 1200 3509 Alii.
1221 3468 1304 3524 vulgo.

188 3531 229 3579 13.
249 3536 352 3577 onerato
372 3530 398 3575 C.
419 3546 469 3575 exe
498 3532 563 3576 Mur.
592 3533 656 3576 coni.
682 3532 764 3590 uulgo.
820 3530 862 3577 22.
882 3547 921 3577 me
940 3533 1016 3577 Codd.
1035 3534 1150 3578 meliores
1168 3533 1197 3578 1..
1218 3557 1251 3568 ·-
1270 3537 1306 3578 mi

186 3603 237 3646 alii.
257 3601 338 3658 vulgo.

544 3669 599 3712 Lrn.
621 3667 751 3723 1¹1.(1v.)
787 3667 884 3713 ELEG.
904 3669 948 3714 lv.

259 3737 283 3780 1.
304 3737 374 3790 „Hoc
394 3750 490 3782 ear-rnen
509 3738 574 3781 Mur.
601 3742 625 3781 et
642 3738 705 3780 Seni.
725 3738 806 3790 nullo,
839 3739 901 3794 quod
918 3738 1006 3791 sciam,
1037 3738 1099 3786 Cod.
1119 3739 1303 3793 consentiente,

185 3820 239 3852 rum
257 3810 382 3860 superlore
403 3806 603 3851 roniunxeruot.”
626 3805 655 3848 1..
711 3802 736 3848 2.
756 3806 802 3850 Sar
817 3805 896 3851 Lirin.
917 3807 1000 3851 Heius.
1024 3809 1088 3853 noni.
1111 3821 1126 3853 a
1146 3807 1246 3853 tactam.
1265 3823 1306 3853 re·

187 3875 293 3929 captain
315 3873 361 3918 Ed.
386 3887 423 3928 pr.
451 3874 594 3919 Schneferus
615 3875 644 3917 ad
663 3873 748 3917 lulinn.
775 3888 799 3928 p.
825 3875 882 3920 XV.
911 3876 1018 3931 (notante
1041 3876 1157 3921 Paldamo
1181 3890 1205 3931 p.
1231 3873 1305 3931 240.)

185 3948 252 3987 recte
272 3943 419 3995 comparavit
440 3942 608 3988 Graecorum:
629 3935 758 4004 πόλεμος
775 3939 923 4004 ἐνέστηκε.
960 3945 1023 3989 lineo
1043 3959 1096 3988 eum
1112 3945 1221 3999 proxime
1234 3957 1305 3999 prae·

186 4011 253 4055 cedd.
279 4010 424 4067 coniungens
448 4012 550 4056 Hoiman
573 4009 717 4064 Peerlkamp
741 4011 771 4055 N.
796 4012 852 4056 Bib.
875 4012 938 4057 Grit.
961 4011 986 4058 6.
1012 4025 1036 4066 p.
1058 4011 1117 4057 164.
1139 4014 1223 4058 coni.:
1248 4012 1307 4057 Sint

186 4076 259 4123 milei.
314 4072 390 4122 3-5.
421 4078 496 4123 Plura
525 4080 563 4123 hic
584 4078 635 4122 sine
660 4080 746 4123 idonea
768 4093 853 4124 caussa
880 4082 1000 4125 innovavit
1026 4081 1126 4126 bachin.
1152 4083 1175 4125 in
1196 4081 1243 4125 Ed.
1264 4095 1303 4136 pr.

187 4146 365 4192 sententiarum
391 4148 487 4202 quidam
510 4149 619 4192 iunctura
647 4161 694 4191 nou
718 4149 788 4192 nimis
814 4152 943 4205 perspicua
960 4156 1010 4205 est,
1042 4151 1135 4205 fateor,
1166 4151 1207 4194 sed
1225 4151 1304 4206 qualis

185 4218 256 4263 etiam
286 4213 449 4260 severioribus
470 4217 494 4260 in
520 4210 621 4271 poeta,
640 4229 715 4274 coque
748 4219 869 4275 elegiaco,
904 4220 1024 4264 interdum
1050 4220 1220 4276 concoquenda
1249 4223 1301 4264 est:
