2782 4762
131 336 312 405 Assensere
337 336 408 403 viri.
433 375 473 386 -
496 341 591 402 Nunc
615 361 677 402 non
701 339 778 403 cinis
801 328 854 404 ille
876 344 992 427 poe‘tae

132 442 251 507 Felix?
275 465 339 504 non
361 442 466 505 levior
489 441 602 524 cippus
624 465 708 505 nnnc
730 442 881 524 imprimit
905 442 1001 507 ossa?

131 547 279 608 Laudant
302 544 472 607 convivae.
496 577 537 589 -
560 543 654 606 Nunc
677 567 739 608 non
764 567 781 608 e
805 545 959 608 Manibus
982 544 1063 620 illis,

132 650 227 711 Nunc
250 669 313 710 non
338 668 355 709 c
378 647 500 709 tumulo
523 646 752 730 fortunataque
775 647 883 710 favilla

132 752 316 813 Nasccntur
341 748 469 812 violae?
491 783 533 794 -
556 747 699 824 „Rides‚
726 749 787 824 ait,
813 760 844 811 et
866 748 955 811 nimis
979 750 1065 812 uncis
1214 752 1256 812 40

131 853 274 914 Naribus
296 851 455 934 indulges.
503 851 556 912 An
579 850 657 925 erit,
684 851 737 932 qui
762 851 842 913 velle
864 863 992 913 recuset

133 955 180 1018 Os
203 953 314 1035 populi
337 952 489 1032 meruisse
512 963 544 1013 et
566 954 664 1014 cedro
688 953 790 1034 digna*
806 953 932 1015 locutus

131 1057 296 1137 Linquere
320 1077 378 1117 nec
399 1056 568 1117 scombros
591 1054 758 1115 metuentia
782 1053 919 1115 carmina
943 1075 1001 1116 nec
1022 1055 1148 1117 thos?”
1172 1089 1213 1100 -

133 1158 284 1242 Quisquis
308 1179 361 1231 es,
388 1178 428 1230 o,
453 1159 549 1220 modo
573 1177 666 1239 quem
691 1178 732 1217 ex
754 1159 891 1218 adverso
916 1155 1021 1219 dicere
1043 1156 1125 1232 leci,

131 1263 208 1323 Non
233 1280 315 1342 ego,
341 1281 439 1343 quom
462 1258 587 1332 scribo,
613 1259 639 1320 si
662 1259 748 1321 lorte
771 1259 846 1340 quid
869 1259 972 1339 aptius
995 1258 1062 1321 exit
1083 1292 1125 1308 ··-
1211 1262 1252 1324 45

133 1363 270 1441 Quando
294 1363 372 1422 haec
394 1382 467 1422 rara
490 1358 557 1422 avis
582 1371 629 1422 est
645 1368 693 1404 ’-
715 1360 741 1422 si
763 1360 839 1444 quid
862 1373 967 1423 tamen
990 1362 1094 1444 aptius
1118 1361 1200 1437 exit,

131 1463 275 1526 Laudari
298 1473 451 1535 metuam;
475 1483 578 1543 neque
602 1462 682 1523 enim
706 1461 783 1523 milri
805 1484 921 1524 cornea
943 1464 1025 1526 fibra
1049 1476 1109 1527 est.

133 1567 197 1628 Sed
217 1565 299 1627 recti
320 1565 479 1645 finemque
503 1576 745 1646 extremumque
770 1586 837 1627 esse
860 1586 976 1629 recuso

131 1669 225 1751 Euge
247 1681 334 1729 tuum
358 1678 390 1726 et
412 1666 512 1739 belle;
537 1687 606 1727 nam
632 1667 714 1727 belle
736 1667 800 1729 hoe
823 1679 936 1729 excute
959 1678 1082 1743 totum,

132 1770 218 1848 Quid
239 1790 302 1831 non
326 1768 408 1831 intus
431 1766 552 1830 habet?
575 1789 638 1830 uon
662 1769 715 1829 hic
737 1779 785 1828 est
807 1768 884 1831 llias
908 1768 989 1831 Acci
1212 1770 1254 1832 50

132 1871 233 1932 Ebria
255 1869 410 1933 veratro?
434 1891 497 1933 non
521 1871 630 1952 siqua
654 1869 788 1952 elegidia
812 1871 901 1933 crudi

131 1972 302 2034 Dicturunt
325 1971 504 2052 proceres?
527 1991 592 2033 non
614 1971 767 2054 quidquid
789 1972 923 2055 denique
946 1973 1035 2035 lectis

132 2074 290 2136 Scribitur
312 2075 343 2136 in
367 2072 498 2136 citreis?
520 2105 562 2116 -—
585 2071 731 2136 Calidum
755 2073 816 2135 scis
838 2095 963 2154 ponere
985 2097 1114 2149 srunen3

130 2176 202 2238 Scis
224 2176 371 2253 comitem
394 2176 593 2238 horridulum
617 2174 692 2236 trita
717 2178 836 2238 donare
859 2178 1006 2251 lacerna,

131 2279 194 2352 Et,
219 2279 361 2352 Verum,
386 2277 509 2360 inquis,
537 2297 628 2338 amo:
655 2297 765 2338 verum
788 2277 864 2340 mihi
885 2279 983 2341 dicito
1006 2282 1044 2340 de
1067 2281 1134 2342 me!
1160 2282 1253 2344 -55

132 2378 197 2457 Qui
219 2378 317 2458 pote?
341 2379 387 2440 vis
411 2377 536 2440 dicam?
559 2379 722 2462 Nugaris‚
749 2402 845 2470 quom
870 2380 948 2457 tihi,
973 2383 1081 2458 calve,

131 2479 267 2564 Pinguis
291 2481 486 2566 aqualiculus
509 2501 673 2564 propenso
697 2481 888 2564 sesquipede
912 2496 1026 2548 exstet.

202 2682 243 2730 36.
277 2706 305 2718 ·-
334 2699 396 2733 num
421 2698 470 2728 nou
495 2699 520 2728 c.
549 2685 580 2728 Α.
606 2708 639 2718 -
665 2699 732 2729 nuuc
756 2697 822 2728 nunc
846 2699 870 2728 c.
895 2686 928 2728 Τ.
951 2706 979 2715 -
1000 2697 1048 2729 non
1067 2700 1134 2730 nuuc
1152 2701 1176 2730 c.
1195 2688 1253 2732 ΗΜ.

129 2751 174 2799 37.
191 2776 219 2785 -
231 2768 297 2798 nunc
314 2754 393 2797 levior
405 2754 436 2798 Τ.
450 2754 485 2798 lb.
502 2776 531 2785 -
544 2755 661 2797 nutu-leo.
677 2754 751 2798 ΒΑΜ.
767 2755 804 2797 lb.
819 2777 852 2786 —
864 2767 913 2798 uon
924 2753 999 2810 impr.
1014 2755 1066 2798 tta,
1087 2751 1129 2799 38.
1143 2775 1175 2792 -·
1187 2770 1254 2800 nunc

128 2837 197 2867 ηιιηο
216 2838 228 2866 e
246 2837 314 2867 mun.
335 2823 387 2866 Tu.
408 2846 441 2856 -
459 2837 519 2866 num
536 2837 602 2866 nunc
621 2838 634 2865 e
652 2837 720 2866 mnu.
742 2824 794 2867 SM.
863 2820 904 2868 39.
927 2843 955 2852 -
984 2821 1057 2867 Nunc
1074 2837 1140 2867 nuuc
1159 2839 1172 2867 e
1190 2830 1252 2869 tum.

128 2893 229 2936 TRSM.
248 2894 298 2947 (sed
320 2893 356 2936 Μ.
378 2899 417 2936 eat
439 2890 692 2944 tum.)—Numaou
711 2906 723 2934 c
742 2897 802 2935 tum.
823 2892 852 2934 Α.
882 2889 924 2934 ll.
945 2912 973 2925 -
989 2892 1043 2935 vole
1060 2892 1091 2936 R.
1112 2890 1154 2938 43.
1169 2900 1254 2939 -tuc

130 2963 162 3004 V.
184 2957 227 3003 44.
247 2959 378 3005 -dteere
389 2958 439 3020 sue
458 2967 496 3005 est
508 2962 537 3004 F.
559 2959 601 3006 45.
623 2961 692 3004 -ei
710 2960 769 3018 quid
776 2957 848 3018 forte
860 2960 890 3004 Α.
913 2957 1122 3006 ll.—nec¹l'M.
1136 2958 1253 3008 50.intro

128 3031 168 3076 tu.
198 3053 230 3062 -·
254 3026 331 3072 liabeo
349 3030 378 3074 E.
401 3055 432 3064 —
452 3027 549 3073 cathir
567 3030 619 3073 ΤΒ.
675 3028 719 3073 51.
739 3043 784 3072 ucc
805 3031 830 3073 ei
846 3030 876 3072 R.
934 3028 975 3074 52.
995 3043 1043 3074 non
1062 3030 1165 3089 siquid
1182 3030 1253 3076 deni-

130 3113 178 3156 que
196 3099 227 3142 E.
266 3095 307 3144 55.
336 3094 422 3156 dicito]
451 3099 554 3145 Tuam.
577 3120 605 3131 -
626 3098 700 3141 dicite
718 3099 787 3142 RES.
826 3097 868 3144 56.
893 3122 922 3132 -
938 3106 1011 3161 putee
1032 3102 1058 3145 S.
1096 3097 1138 3149 57.
1159 3099 1253 3158 exstet]

130 3168 206 3215 ΤΕΑ,
219 3192 251 3202 -
266 3174 352 3212 caetui
369 3169 468 3213 RVSM.
483 3193 514 3201 -
529 3168 609 3212 exiiet
626 3169 705 3212 Vatic.

134 3270 283 3285 m

202 3329 244 3379 43.
263 3338 303 3376 tua
321 3333 384 3375 PW.
424 3327 465 3375 55.
485 3329 560 3375 dicite
578 3331 621 3374 rl'.

202 3491 242 3538 39.
264 3492 387 3536 Tumulus
406 3495 492 3536 dicitur
514 3499 592 3538 terrae
608 3496 734 3553 aggestio,
764 3495 803 3536 ubi
821 3495 884 3537 nulla
906 3498 942 3536 est
959 3495 1087 3538 memoria.
1126 3491 1168 3539 43.
1189 3496 1254 3551 Quae

124 3563 244 3606 ‘carmina
269 3563 359 3605 nullum
379 3564 512 3618 periculum
531 3563 633 3607 habeant
656 3577 751 3607 ananere
777 3564 838 3617 apud
857 3563 1052 3607 salsarnentarios
1077 3568 1101 3607 et
1119 3565 1251 3608 thurarius.

133 3630 183 3675 Per
201 3631 329 3675 scombros
352 3630 470 3689 significat
494 3634 703 3688 salsarnentarios3
731 3646 773 3686 per
795 3629 868 3685 tlzua,
901 3632 1083 3690 pigmentarios.
1104 3634 1174 3686 (‚,ut.
1207 3647 1256 3677 un-

132 3701 307 3759 guentarios.”
325 3699 403 3757 Pith.)
441 3698 483 3744 44.
504 3700 624 3760 Quisquis
643 3700 681 3760 eal
706 3702 804 3744 Mirnica
823 3706 846 3744 et
865 3701 956 3744 comica
967 3703 1123 3744 exclamatio:
1145 3703 1257 3758 quoniam

132 3773 218 3823 poetae
240 3783 424 3826 nonuunquam,
451 3771 541 3813 omisso
565 3778 631 3813 recto
659 3784 789 3823 sermone,
819 3775 886 3813 extra
907 3783 1017 3813 scaenam
1043 3772 1089 3814 soli
1111 3773 1253 3827 loquuntur,

133 3838 278 3881 sustinentes
298 3852 424 3895 personatu
448 3853 530 3892 suam,
563 3844 603 3881 aut
620 3840 755 3895 aliquorum
775 3839 897 3882 hominurn
920 3839 993 3883 verba
1011 3840 1173 3894 interponunt.
1212 3837 1254 3886 50.

130 3906 196 3950 Ilius
224 3905 296 3966 Acci]
327 3909 412 3951 Accius
441 3907 523 3954 Labeo
556 3909 655 3952 iliadem
683 3908 782 3952 Homeri
810 3908 920 3952 versibus
947 3909 1086 3953 foedissime
1111 3911 1254 3964 composuit.

133 3972 176 4019 54.
196 3974 253 4018 Scia
271 3978 385 4024 comitem
404 3974 573 4034 horridulum]
594 3977 645 4021 Scis
670 3978 763 4021 birrum
789 3978 896 4021 attritum
916 3979 998 4020 comiti
1019 3979 1164 4023 condonare.
1207 3979 1256 4024 Lc-

131 4057 224 4097 ceruc,
249 4048 345 4099 pallium
366 4044 530 4100 fimbriatum,
559 4061 605 4102 quo
624 4047 682 4090 olim
708 4047 753 4090 soli
777 4046 865 4090 milites
888 4046 1045 4102 velabantur;
1067 4049 1185 4101 paenula,
1205 4050 1255 4104 pal·

131 4113 191 4157 lium
209 4126 262 4156 cum
283 4114 385 4159 fimbriis
410 4116 498 4173 longis.
549 4112 590 4160 56.
612 4113 662 4175 Qui
674 4112 761 4173 polsi]
782 4117 884 4159 Tractus
904 4128 988 4160 seusus
1008 4131 1035 4160 ex
1052 4116 1145 4161 Graeco
1167 4131 1254 4171 versu,

131 4195 178 4238 quo
197 4180 361 4240 significatur,
382 4198 411 4228 ex
432 4190 513 4228 ventre
532 4197 616 4228 crasso
634 4189 729 4230 tenuem
751 4198 849 4230 sensum
864 4198 910 4227 non
924 4185 999 4229 nasci.
1037 4183 1184 4244 (ηΠαχεῖα
1201 4199 1256 4249 ya-

130 4245 208 4321 στὴρ
228 4249 335 4302 λεπτὸν
354 4247 392 4301 οὐ
411 4252 500 4306 τίκτει
517 4248 615 4300 νόον.”
633 4247 713 4309 Pith'.)
