2752 4746
125 162 188 226 238

123 320 283 382 Fumosos
306 315 445 399 equitum
469 337 539 378 cum
562 314 717 380 dictatore
740 316 937 413 magistros

123 421 156 482 Si
180 439 285 482 eoram
308 417 442 499 Lepidis
466 417 545 480 male
570 415 710 481 vivitur?
733 404 866 503 Effigies
887 442 953 505 qto

122 525 190 585 Tot
212 520 420 593 bellatorum,
445 518 472 581 si
493 519 613 581 luditur
635 522 700 583 alea
723 541 853 601 pernox
978 527 980 533 '

122 625 207 685 Ante
229 620 465 685 Numantinos?
486 620 513 684 si
536 621 676 684 dormire
698 622 809 704 incipis
833 634 909 687 ortu

120 702 482 805 Lraciscri‚‘i{iril”'signa
506 725 601 785 duces
624 734 655 784 et
677 735 781 805 castra
804 727 1003 789 movebant?

121 821 192 887 Cur
213 822 434 907 Allobrogicis
457 834 488 886 et
511 826 623 908 magna
646 829 782 909 gaudeat
806 850 862 890 ara

119 925 222 986 Natus
244 923 275 986 in
298 926 461 987 Herculeo
483 925 603 1014 Fabius
626 928 713 1002 lare,
738 928 764 991 si
787 929 939 1010 cupidus,
964 930 991 993 si

119 1026 233 1088 Vanus
255 1036 287 1088 et
308 1028 462 1109 Euganea
484 1000 688 1110 quantiiriliis
711 1029 840 1094 mollior
863 1031 973 1115 agna?

119 1124 154 1188 Si
175 1138 317 1189 tenerum
341 1127 466 1190 attritus
489 1127 651 1192 Catinensi
674 1131 798 1212 pumice
821 1133 961 1195 lumbum

119 1229 309 1308 Squalentes
330 1231 467 1292 traducit
490 1251 569 1294 avos
592 1243 783 1316 emptorque
808 1235 922 1313 veneni

120 1327 314 1408 Frangenda
337 1329 483 1393 miseram
506 1329 645 1396 funestat
666 1334 804 1418 imagine
828 1336 980 1418 gentem?

120 1431 206 1491 Tota
230 1431 303 1495 licet
324 1443 451 1495 veteres
474 1445 632 1496 exornent
654 1427 793 1518 undique
817 1458 911 1500 cerae

118 1529 232 1607 Atria,
258 1531 407 1597 nobilitas
430 1535 499 1598 sola
521 1546 569 1597 est
591 1547 687 1618 atquc
709 1539 803 1600 runica
828 1539 942 1602 virtus.

118 1633 252 1697 Paullus
275 1635 326 1699 vel
350 1634 473 1699 Cossus
497 1636 548 1698 vel
571 1637 697 1699 Drusus
722 1639 864 1701 moribus
890 1652 982 1704 esto:

117 1733 191 1798 Hos
215 1748 286 1800 ante
309 1738 429 1820 effigies
451 1738 606 1802 maiorum
630 1761 714 1820 ponc
738 1745 885 1805 tuorum!

117 1837 317 1904 Praecedant
337 1839 424 1922 ipsas
446 1841 509 1916 illi,
534 1853 565 1903 te
588 1841 740 1916 consule,
765 1838 996 1927 virgaslaa...

117 1938 227 2005 Prima
251 1942 326 2005 mihi
348 1945 444 2007 debes
468 1943 562 2007 animi
584 1945 682 2006 bona.
728 1945 862 2007 Sanctus
885 1947 997 2009 haberi

116 2041 324 2130 iustitiaeque
347 2057 443 2109 tenax
463 2045 557 2109 factis
580 2045 733 2131 dictisque
756 2046 908 2121 mereris,

118 2146 279 2228 Agnosco
302 2128 640 2249 procerern.[l}Salve;
665 2148 851 2224 Gaetulice,
876 2169 934 2211 scu
955 2159 990 2211 tu

119 2220 480 2365 Silanus‚(·iquocunque
503 2248 566 2312 alio
590 2251 628 2311 de
651 2252 803 2333 sanguiue
825 2271 917 2312 rarus

122 2348 215 2416 Civis
237 2361 268 2414 et
290 2350 439 2445 egregius
461 2351 584 2432 patriae
608 2350 766 2434 contingis
790 2351 922 2416 ovanti:

119 2562 191 2606 mnic.
211 2561 291 2605 Schol.
313 2562 461 2606 retinendum
489 2564 578 2606 suadeo
604 2576 647 2607 nec
669 2563 693 2605 in
719 2561 840 2606 deducere
865 2559 1007 2607 ructandum
1023 2551 1163 2611 cumCdd.
1183 2569 1244 2625 aliq.

121 2629 228 2690 Virgum
255 2636 320 2676 recte
349 2632 518 2687 iuterpretatur
535 2632 608 2676 Web.
633 2633 661 2676 de
686 2632 761 2675 ramis
788 2645 810 2675 s.
836 2632 905 2675 lineis
935 2633 958 2675 iu
983 2632 1063 2676 tabula
1086 2636 1245 2694 genealogica

119 2700 308 2745 discurrentibus
332 2703 362 2745 ad
386 2703 501 2761 imagines
526 2703 601 2757 pictas
623 2706 647 2744 et
677 2701 830 2759 cognationes
859 2700 1016 2759 signantibus.
1037 2701 1081 2746 Cd.
1108 2704 1242 2759 scriverii,

119 2771 243 2817 Cheinnie.
263 2776 287 2815 et
305 2771 389 2815 tertius
406 2771 515 2816 Oberlini
529 2771 613 2823 [Ouid.
626 2769 688 2825 Epp.
705 2783 735 2814 ex
751 2770 830 2813 Ponto
847 2784 874 2830 p.
893 2769 963 2824 XV.)
980 2770 1068 2815 habent
1085 2769 1242 2826 Fabricium,

118 2841 180 2898 quod
199 2839 353 2884 substitutum
372 2847 408 2885 est
429 2841 458 2884 ab
474 2842 519 2895 iis,
552 2840 636 2898 quibus
658 2839 798 2893 displicebat
820 2838 939 2883 Coruinus
961 2839 1072 2884 iteratus.
1119 2842 1166 2884 Sex
1192 2845 1241 2886 mei

120 2910 180 2954 Cdd.
200 2909 261 2954 hune
285 2924 308 2954 v.
336 2911 449 2954 omittunt
472 2912 529 2954 satis
553 2910 676 2954 defensum
700 2922 713 2949 a
736 2908 822 2964 Pinzg.
870 2907 947 2951 Habet
965 2921 1029 2957 euin,
1042 2914 1168 2963 praestans
1195 2910 1242 2955 Cd.

119 2979 236 3023 Einsiedl.
266 2979 296 3023 G.
320 2979 343 3022 iu
365 2981 412 3022 ima
435 2981 520 3038 pagina
545 2993 559 3021 a
579 2991 650 3022 manu
674 2977 792 3028 secunda,
825 2977 866 3020 sed
893 2977 1043 3033 perantiqua.
1095 2978 1119 3021 is
1148 2974 1244 3035 quoque

119 3048 275 3108 contingere.
296 3048 358 3091 Tum
377 3049 517 3093 ABCDEG.
536 3046 674 3098 choeoe,
695 3058 755 3088 unus
772 3045 802 3088 P.
822 3040 1022 3102 rectefumoeoe.
1044 3042 1085 3093 13.
1106 3048 1136 3103 Q.
1151 3047 1243 3091 Fabios

120 3117 187 3161 Max.
209 3117 392 3175 Allobrogicus,
413 3118 496 3160 consul
515 3130 539 3160 u.
563 3129 585 3159 c.
608 3111 666 3158 632.
686 3109 761 3157 tilium
780 3111 862 3157 habuit
882 3114 912 3169 Q.
935 3113 995 3158 Fab.
1016 3115 1085 3159 Max.
1104 3115 1242 3169 Persicum,

120 3187 156 3231 cui
181 3185 211 3229 ob
227 3186 344 3240 perditam
361 3186 480 3243 luxuriam
491 3186 526 3241 Q.
544 3183 690 3238 Pompeius,
722 3187 821 3238 praetor
842 3181 965 3236 urbanus,
985 3184 1091 3237 paternis
1113 3183 1184 3229 bonis
1205 3184 1243 3228 in·

119 3254 227 3300 sardinii.
246 3255 302 3298 Vnt.
320 3255 388 3298 Max.
409 3250 441 3308 3,
459 3252 483 3308 5,
505 3251 529 3306 2,
552 3249 576 3306 3,
598 3249 622 3304 6,
643 3247 704 3295 627.
741 3250 845 3304 Fabius,
877 3256 961 3294 auctor
977 3253 1056 3310 gentis
1075 3252 1183 3305 Fabiae,
1212 3266 1244 3297 ex

119 3325 222 3368 Hercule
240 3328 265 3368 et
284 3324 411 3378 Vinduna,
438 3322 544 3367 Evandri
560 3320 625 3375 tilia,
651 3325 719 3363 uatus
738 3319 915 3374 perhibebatur.
936 3321 980 3364 Sil.
1001 3318 1026 3373 2,
1047 3318 1072 3366 3.
1128 3316 1169 3367 15.
1188 3318 1245 3365 Ara

119 3406 215 3453 magna
241 3393 389 3450 frequentius
413 3392 539 3436 monimo.
585 3389 695 3433 Attamen
722 3389 801 3433 Tacit.
826 3387 888 3432 Anu.
920 3385 966 3442 15,
998 3386 1040 3434 tt.
1077 3386 1177 3449 Magna
1193 3401 1244 3432 ora

114 3459 270 3522 sortemque,
301 3476 363 3521 picae
382 3461 516 3520 praesenti
538 3457 644 3503 Herculi
666 3457 748 3502 Areae
764 3454 891 3501 Euander·
915 3464 1074 3504 eucroeerut.
1122 3455 1245 3518 Euganei

120 3534 223 3588 populus
244 3533 307 3576 inter
327 3532 426 3576 Athesin
452 3535 476 3574 et
492 3529 589 3573 Larium
605 3529 694 3572 lacum.
746 3524 786 3571 tt.
806 3522 895 3570 Cutina
913 3538 934 3570 s.
955 3526 1045 3570 Cataua
1066 3525 1163 3570 Siciliae
1184 3539 1243 3582 opp.

117 3614 194 3657 prope
213 3601 323 3646 Aetnam.
372 3597 413 3644 17.
442 3595 561 3655 troducit]
580 3594 758 3650 „dedecorub”
785 3594 867 3638 Schol.
888 3616 919 3627 -
942 3593 1061 3651 producit
1077 3607 1161 3639 omnes
1183 3595 1261 3641 mei..

121 3668 163 3719 21.
184 3669 279 3715 Puulue
298 3669 429 3721 Aemiliae,
454 3664 547 3712 Goeeua
566 3666 710 3719 Corneliae,
730 3662 833 3707 Drueue
852 3663 966 3707 Claudiae
984 3665 1061 3720 gentis
1087 3663 1241 3721 cognomine.

120 3737 163 3785 24.
202 3738 284 3794 „milri
310 3735 396 3796 debes]
426 3729 619 3797 ὁφλισκάνεις
653 3747 716 3796 μοι,
751 3745 833 3787 posco
852 3746 866 3774 a
897 3732 947 3775 te.’'
977 3731 1007 3776 G.
1026 3731 1071 3796 ⁴E.
1109 3732 1242 3799 Webeeus.

121 3805 163 3853 2⁶.
183 3808 300 3868 Agnosco
316 3805 458 3865 procerem]
484 3806 528 3859 ,st
547 3804 660 3848 honestus
677 3802 767 3854 fueris,
789 3806 843 3844 tunc
861 3804 883 3845 te
902 3800 1035 3855 principem
1052 3813 1120 3845 meac
1139 3800 1244 3844 ciuitatis

120 3878 223 3922 dicam.''
241 3878 322 3923 Scboi.
342 3882 423 3928 recte,
444 3886 544 3930 prorsus
561 3877 587 3915 ut
604 3870 694 3924 Web.‚
714 3871 742 3912 ad
762 3868 863 3913 verbum
875 3864 997 3923 mereris,
1017 3874 1071 3923 post
1090 3871 1153 3925 quod
1171 3870 1243 3927 vulgo

119 3947 239 4004 interrog.
259 3948 354 4006 signum
366 3948 473 4001 ponunt,
492 3942 518 3986 ei
534 3941 656 3997 supplens.
677 3940 739 3982 Tum
758 3939 820 3981 idem
840 3937 928 3984 schol.
941 3939 999 3982 satis
1018 3938 1122 3982 vindieat
1136 3939 1244 3982 omnium

121 4014 182 4058 Cdd.
202 4016 258 4059 leet.
271 4028 414 4073 procerem.
452 4012 513 4069 Quia
531 4010 582 4054 fere
602 4009 696 4052 unicum
714 4007 760 4050 hoc
781 4007 916 4060 exemplum
931 4019 954 4051 u.
970 4019 1065 4065 procer
1081 4019 1155 4068 num..
1166 4006 1242 4064 sing„

119 4082 242 4141 Reisigius
265 4083 374 4129 uolebat:
405 4079 531 4141 Agnosco.
578 4076 732 4129 Procerum,
764 4075 832 4118 eulee
860 4072 1003 4120 Gaetulice.
1033 4094 1067 4108 -
1094 4072 1244 4140 θαρζῷίςαε

120 4164 253 4211 cognomen
276 4151 306 4196 C.
334 4151 441 4197 Cornelii
471 4148 567 4193 Lentuli
590 4146 661 4191 Cossi
681 4145 749 4189 Flor.
771 4141 801 4195 i.
832 4142 879 4198 12,
910 4140 953 4189 40.
982 4142 1090 4189 Siloaue
1108 4142 1242 4211 cogirpmen

121 4221 195 4267 lullae
211 4221 299 4279 gentis.
349 4218 392 4265 28.
412 4218 550 4275 „contingis
572 4215 662 4272 patriae
684 4216 711 4257 de
734 4218 757 4257 te
779 4213 825 4256 sibi
846 4208 1154 4284 congratulanti.,;;d'aiein
1180 4211 1200 4253 ei
1219 4215 1243 4253 te
