2782 4762
193 375 473 448 Munitum'scuto
495 370 822 446 tela'tiuiere‘nclas.'
1086 385 1136 394 ''

131 487 285 552 Cominus
308 485 522 570 aggrediens,
544 493 727 571 protentam
750 482 885 568 quilibet
907 484 1029 546 hastam

193 588 420 672 Vel'gladium
443 587 553 665 hostili
577 583 733 676 deprimat
755 586 788 649 io
809 569 927 649 latere:
1055 570 1060 575 ’

129 681 272 756 Haereat
295 702 326 754 et
348 701 471 754 scutum
495 699 588 756 serito
610 685 798 785 stabilisque
818 686 891 774 pedi
913 708 992 771 pes,

193 795 277 856 Tum
301 814 402 862 conus
424 812 529 868 cono,
554 789 754 874 tumgaleae
776 791 887 874 galee:

129 897 270 961 Pectora
293 893 479 978 pectoribus
501 894 638 976 eoe'antr
662 890 708 955 sie
729 889 828 974 ipsiru
850 891 954 957 hostis

193 997 257 1060 Vel
281 996 378 1059 telum
402 994 545 1059 manibus
567 991 715 1077 prendite
739 993 791 1058 vel
814 993 974 1076 capulum.
1052 1041 1053 1044 η

131 1102 183 1163 Tu
205 1119 286 1163 vero
309 1099 429 1162 interea
454 1098 538 1160 veles
561 1107 637 1179 post
657 1107 747 1160 scuta
769 1097 941 1175 latescens,
1050 1125 1073 1185 '.

193 1202 265 1264 Nec
287 1200 424 1283 lapidum
448 1197 553 1262 densis
575 1197 728 1261 imbribus
752 1199 913 1277 obruere,

130 1304 201 1366 Nee
223 1323 317 1366 cessa·
336 1301 446 1366 iaculis
469 1303 648 1367 obstantem
671 1299 774 1383 ligere
796 1303 941 1366 turoam:

194 1407 244 1469 'l'e
267 1414 356 1488 teget
378 1414 501 1468 annuo
522 1401 619 1468 milite
641 1393 738 1467 densa
761 1403 894 1470 cohors.

667 1589 716 1654 ΙΙ.

130 1732 206 1796 Nou
229 1731 296 1795 ullo
318 1730 351 1794 in
373 1729 499 1814 pretio,
524 1750 588 1794 uon
611 1719 789 1800 ullalaude
810 1717 989 1807 notandus,

194 1833 271 1897 Sive
292 1831 382 1916 pedis
405 1831 518 1895 celeris
541 1831 610 1895 sive
632 1852 742 1894 manus
765 1830 902 1916 pugilis,

130 1936 178 2000 Sit
201 1934 274 1997 licet
298 1946 330 1997 ct
354 1946 445 1999 vasto
469 1932 648 2015 Cyelopum
672 1940 814 2016 corpore
836 1933 941 2020 maior

193 2040 238 2101 Et
260 2047 390 2119 superet
411 2056 509 2098 eursu
532 2034 717 2099 'l'breieiuru
740 2022 898 2117 Boream,
933 2024 936 2026 V

131 2143 213 2205 Tum
237 2140 389 2223 pulchrae
412 2136 519 2201 vincat
541 2137 716 2202 Tithonum
740 2159 869 2203 munere
891 2138 1033 2220 lormae,
1056 2189 1057 2192 η

191 2241 324 2306 Divitiis
348 2239 502 2322 Cinyram
524 2239 709 2325 divitiisque
731 2238 874 2318 Midam,
986 2308 988 2314 s

131 2343 330 2408 Tantalidaut
354 2345 511 2426 Pelopem
533 2343 650 2408 diffuso
667 2341 771 2406 limite
793 2342 904 2429 regni,

132 2472 133 2475 ¹
194 2447 368 2511 Adrastum
390 2445 496 2508 blaudi
518 2444 654 2510 vocibus
677 2443 817 2528 eloquii,

132 2548 248 2614 Omnia
271 2547 349 2634 quin
371 2548 504 2624 habeat,
529 2545 557 2610 si
579 2544 659 2610 desit
681 2547 799 2612 adorea
820 2548 915 2613 belli:

194 2651 322 2734 Quippe
345 2671 419 2713 usus
442 2650 547 2713 nullos
568 2659 714 2732 tempore
737 2649 854 2713 Martis
877 2652 990 2729 habet,

130 2753 194 2834 Qui
215 2774 280 2816 uon
301 2751 476 2835 intrepidus
498 2753 626 2815 eaedem
648 2762 794 2834 spectare
816 2763 980 2814 cruentam

150 2911 153 2917 a
193 2853 452 2937 Consertumque
474 2851 561 2918 hosti
584 2855 703 2937 gaudet
724 2853 841 2915 babere
863 2856 989 2935 pedem.

130 2959 206 3022 Hoc
228 2977 303 3020 vere
323 2953 462 3020 solidum
484 2965 645 3018 certamen
668 2964 700 3018 et
720 2955 811 3017 unica
836 2953 960 3033 virtus,

192 3059 337 3123 Aeterno
359 3057 491 3122 iuvenes
514 3077 594 3143 quae
615 3058 746 3120 decorat
769 3058 899 3123 decore.

129 3163 196 3227 Res
218 3160 349 3245 populi,
374 3180 542 3225 commune
565 3161 684 3224 bonum
709 3157 758 3222 vir
779 3161 901 3225 robore
924 3171 1111 3246 praestans,
1210 3167 1250 3232 15

192 3265 349 3326 lmmotus
372 3260 482 3346 primis
505 3260 560 3345 qui
582 3259 698 3324 statio
722 3260 906 3338 ordinibus,

130 3363 441 3448 Oblitusquesugae
463 3362 603 3428 venitin
626 3362 797 3426 certamina
820 3364 959 3443 Martis,
1029 3438 1032 3442 ¹

194 3465 357 3530 Adiiciens
379 3464 534 3544 animum,
556 3462 731 3548 proiieiens
753 3464 910 3531 auimamz

129 3567 194 3650 Qui
215 3578 354 3651 propter
374 3577 507 3631 stantem
531 3587 706 3653 generosae
728 3566 841 3633 mortis
863 3590 973 3635 amore

193 3668 362 3736 Concitatr
386 3669 470 3732 bunc
491 3669 578 3734 bello
601 3668 721 3733 dixeris
744 3671 930 3754 egregium:
1206 3677 1251 3741 20
1376 3692 1383 3705 ·

129 3773 234 3854 Quem
257 3771 365 3835 subito
386 3770 520 3835 hostiles
541 3770 686 3855 pavitant
707 3773 909 3858 fugitantque
930 3785 1098 3856 catervae,
1215 3804 1218 3811 ·

194 3872 259 3954 Qui
280 3873 356 3937 belli
377 3875 493 3937 fluctus
516 3886 584 3938 arte
608 3895 763 3960 manuque
784 3874 886 3957 regit,

130 3975 194 4057 Qui
217 3975 338 4037 dulcem
362 3974 491 4052 amittit,
516 3975 732 4058 sedprimus,
755 3975 785 4039 in
809 3976 935 4061 agmine
957 3977 1073 4046 vitam:

194 4078 336 4160 Magnus
360 4079 465 4140 bonor
489 4077 621 4160 generi,
645 4099 778 4162 magmis
799 4080 907 4144 honor
928 4081 1068 4163 patriae:

128 4178 275 4244 Volnera
300 4179 395 4241 ruulta
417 4179 545 4256 ferens,
570 4182 703 4243 adversa
725 4182 782 4244 scd
804 4181 927 4263 omnia,
951 4182 1045 4251 fosso
1208 4188 1251 4253 25

191 4282 358 4362 Pectore,
383 4281 485 4348 lorica
507 4301 567 4347 nee
588 4281 692 4349 minus
713 4294 745 4349 et
766 4282 884 4369 clipeo.
