2782 4762
129 441 277 506 lura'rnus
297 438 450 525 quicquid
472 439 521 505 ias
542 450 591 505 est
612 438 719 505 iurare
740 440 898 524 sepultos,
933 499 937 503 ,

194 546 266 609 Nos
288 565 366 628 quas
389 545 479 608 laeva
500 543 616 628 premit
637 541 722 607 sarna
744 542 1000 625 Lyoanrhiadest

128 647 201 712 Nec
222 649 331 729 pudor
353 667 370 709 a
393 645 487 709 nobis
509 668 569 711 nec
590 647 658 710 laus
681 657 834 710 temerata
849 644 1048 729 parentum,

193 751 265 813 Neo
286 750 406 833 pelago
429 770 544 812 nornen
566 748 676 813 nobile
699 761 809 813 nostra
832 750 960 828 Paros,

90 912 93 917 ,
131 850 195 915 Sed
217 862 292 913 lrux
314 850 531 916 Archilochus
554 851 644 914 falsis
667 850 851 915 rumoribus
874 862 1008 929 auctor,

179 954 233 1040 ,In
255 964 396 1016 nostram
422 952 543 1016 vomuit
565 952 619 1037 qui
640 954 762 1035 probra
783 951 880 1017 foeda
905 955 1044 1020 domiuo.

132 1058 200 1122 Per
224 1057 345 1140 Styga,
369 1077 428 1138 per
451 1053 615 1136 Superos,'
639 1075 699 1118 nec
721 1075 781 1120 nos
803 1053 938 1120 lunonis
959 1053 992 1119 in
1015 1056 1093 1120 aede
1106 1097 1118 1134 ,

192 1161 263 1223 Neo
285 1180 344 1240 per
366 1169 464 1221 strata
490 1156 558 1220 viae
581 1155 715 1218 vidimus
737 1157 987 1223 Archilochum·

130 1259 166 1326 Si
186 1261 298 1324 scisset
320 1281 378 1324 nos
402 1279 471 1322 esse
494 1259 601 1340 lupas,
625 1243 690 1323 nou
713 1257 766 1321 ilie
788 1258 927 1341 cupisset

192 1355 390 1448 Legitimum
414 1383 455 1425 ex
477 1372 591 1427 nostro
613 1380 756 1443 corpore
779 1360 865 1426 ferre
889 1376 1006 1446 genus.

581 1588 583 1591 -
667 1547 722 1612 244

129 1668 288 1734 Lesbides
308 1669 352 1733 ite
373 1667 465 1732 simul
489 1667 635 1734 dominas
657 1665 789 1732 Iunonis
812 1669 851 1730 ad
873 1688 978 1743 ara1n;
1093 1692 1117 1701 ··

195 1776 360 1855 Suspenso
383 1781 513 1835 tenerae
535 1770 675 1833 molliter
697 1770 739 1832 ite
763 1759 888 1854 g'ratlut

129 1875 237 1941 Docta
260 1877 393 1938 chorum
418 1873 509 1937 vobis
532 1884 656 1936 saerata
679 1893 736 1953 per
759 1871 839 1936 atria
862 1871 994 1956 Sappho

193 1977 349 2054 lnrhoet,
374 1987 485 2039 aurata
506 1974 730 2056 conspicienda
755 1978 838 2054 lyra.

128 2079 303 2144 Haeduos
327 2080 500 2162 gaudentes
522 2077 653 2139 saltate:
678 2075 837 2139 videbitur
858 2073 927 2159 ipsa
1044 2115 1049 2120 ·

192 2181 301 2245 Edere
322 2178 459 2244 mellitos
484 2177 651 2262 Calliopea
674 2196 787 2242 sonos.

660 2346 714 2410 25.

129 2467 261 2551 Sappho
284 2487 399 2532 nomen
421 2478 510 2532 erat:
534 2478 653 2549 tanturn
676 2464 846 2535 muliebria.
865 2464 929 2529 vici

193 2568 364 2647 Carmina,
388 2580 423 2634 tu
445 2567 761 2667 quantumpvincis,
786 2568 953 2645 Homero,
978 2564 1084 2633 viros.

667 2732 722 2799 26.

131 2852 213 2917 Ossa
235 2859 322 2914 tenet
344 2851 494 2933 Sapphus
516 2860 547 2914 et
569 2830 682 2915 nornen
705 2854 797 2918 inane
819 2853 1044 2937 sepulchrum,

193 2951 301 3018 Docta
323 2954 382 3017 sed
402 2952 488 3018 illius
510 2953 648 3019 carmina
671 2965 776 3022 morte
798 2968 920 3023 carent.
963 3009 965 3012 .

634 3122 719 3188 .27.
814 3172 816 3178 .

130 3240 266 3307 Mortua
287 3262 327 3305 ne
350 3240 437 3305 dicar
458 3242 516 3307 tibi
539 3255 627 3309 vates
650 3266 690 3308 ex
713 3242 890 3327 Mitylene,

195 3343 365 3406 Aeolicum
388 3345 532 3428 quisquis
555 3346 714 3429 conspicis
736 3350 820 3411 huno
841 3345 1019 3425 hamulum,

129 3443 227 3509 Hune
248 3445 409 3509 hominum
432 3459 581 3512 struxere
604 3470 735 3512 manus:
760 3459 792 3512 at
814 3449 994 3532 taliaquae
1016 3460 1090 3515 sont
1188 3435 1194 3442 i

193 3548 285 3611 Haeo
307 3547 371 3634 rito
396 3550 545 3613 mortales
568 3549 784 3615 demerninisse
806 3547 925 3615 solent.

129 3648 178 3715 At
198 3670 249 3714 me
271 3651 365 3716 docta
386 3664 502 3717 novem
525 3673 641 3736 poscas
662 3652 690 3717 si
710 3655 794 3718 dona
815 3674 985 3733 sororum,

201 3845 246 3910 25]
266 3849 396 3897 Cunirhius
414 3853 468 3899 sie:

270 3921 366 3976 Sappho
385 3935 430 3982 ego
448 3923 577 3968 femineum
595 3923 665 3968 vineo
683 3935 774 3983 ponus,
794 3935 865 3970 omns
883 3924 955 3972 virile

303 3991 385 4038 vineit
404 3997 429 4036 rt
446 4005 517 4039 omne
534 4005 609 4052 genus
628 3995 735 4040 carmine
753 3994 905 4040 Maeonides«

201 4116 245 4182 26]
263 4122 393 4170 Cunirhius
412 4127 466 4173 sict

270 4193 332 4238 Osss
351 4197 445 4251 quidem
464 4199 488 4240 et
505 4208 590 4241 nomen
609 4195 717 4253 Sapphus
736 4189 807 4241 hohei
825 4201 904 4243 ornat
923 4192 1003 4253 puelia

305 4264 371 4323 Quae
390 4268 485 4322 sapiens
503 4266 590 4312 recinit
606 4268 727 4323 earmina,
747 4271 825 4314 morte
843 4271 934 4316 careni.

1236 853 1255 915 5

1215 1356 1257 1424 ¹0
