2782 4762
137 335 353 419 Custodisqne
374 337 463 400 seros
486 335 600 398 clausit
621 337 777 417 serpentis
800 336 921 408 hiatus,

200 439 268 501 Iret
289 451 324 500 nt
346 438 505 502 Aesonias
528 458 625 500 aurea
647 441 717 500 lana
740 441 866 501 domos.

136 543 226 604 Ausa
249 541 346 604 leros
368 543 407 602 ab
430 560 515 623 equo
538 541 696 621 qnondam
720 559 909 622 oppugnare
931 537 1057 622 sagittis

199 640 342 705 Maeotis
365 641 510 704 Danatlm
534 641 737 704 Penthesilea
760 651 861 714 rates;

137 744 244 806 Aurea
268 742 319 805 cni
341 755 510 825 postquam
533 743 664 805 nudavit
679 741 806 805 -cassida
828 743 988 816 frontem,

198 843 287 906 Vicit
310 846 463 907 victorem
487 846 618 906 candida
641 843 745 907 forma
770 844 886 907 virum.

137 946 293 1026 Omphale
316 957 347 1008 ct
368 945 401 1008 in
423 957 543 1010 tantum
566 947 689 1008 formae
711 945 872 1027 processit
892 947 1071 1024 honorem,

202 1047 307 1127 Lydia
330 1049 467 1131 Gygaeo
490 1048 587 1110 tincta
611 1047 716 1128 puella
738 1049 829 1123 lacn,

137 1149 201 1224 Ut,
226 1149 281 1231 qni
302 1161 418 1231 pacato
441 1148 601 1213 statuisset
621 1149 654 1211 in
678 1150 758 1213 orbe
782 1151 961 1225 columnas,

201 1252 281 1312 Tam
304 1253 380 1312 dura
404 1254 546 1314 traheret
567 1250 675 1315 mollia
697 1271 798 1330 pensa
821 1237 959 1327 manitas

136 1352 308 1413 Persarum
331 1353 439 1414 statuit
462 1353 630 1431 Babylona
653 1351 835 1415 Semiramis
858 1330 987 1428 nrbdrn,

200 1455 245 1517 Ut
267 1453 403 1516 solidum
426 1466 520 1517 cocto
544 1454 675 1518 tolleret
697 1475 946 1538 aggereopns,

136 1555 180 1618 Et
202 1557 266 1619 dno
290 1556 320 1616 in
345 1557 512 1617 adversum
537 1555 623 1617 missi
645 1577 703 1636 per
727 1556 848 1619 moenia
873 1579 1008 1633 currus,

201 1658 252 1718 Ne
274 1668 406 1738 possent
428 1668 514 1720 tacto
537 1656 697 1741 stringere
721 1659 761 1719 ab
784 1679 843 1720 axe
866 1661 988 1732 latns;„

136 1759 238 1820 Duxit
261 1769 293 1820 et
315 1760 511 1839 Euphratem
536 1758 689 1833 medinm,
714 1779 777 1841 qna
801 1758 941 1823 condidit
964 1780 1073 1836 arces,
1213 1765 1252 1826 25

198 1859 295 1922 Iussit
317 1871 349 1922 et
370 1860 503 1940 imperio
529 1881 661 1944 surgere
684 1861 804 1924 Bactra
827 1872 933 1941 eaput.

136 1963 217 2024 Nam
240 1961 314 2043 qnid
337 1983 400 2044 ego
422 1962 556 2036 heroas,
583 1960 660 2045 quid
681 1974 804 2043 raptem
826 1964 857 2023 in
880 1961 1010 2025 erimina
1033 1963 1153 2028 divos?

197 2064 346 2144 Iuppiter
367 2062 497 2125 infamat
519 2085 618 2145 seque
640 2085 792 2145 suamque
816 2066 956 2126 domurn.

136 2163 247 2244 Quid?
270 2165 365 2226 modo
388 2185 469 2246 qnae
492 2165 611 2227 nostris
635 2165 815 2246 opprobria
838 2178 969 2228 vexerat
991 2166 1085 2228 arinis
1138 2203 1140 2206 ·

198 2267 243 2327 Et
262 2265 400 2330 famulos
422 2265 506 2328 inter
526 2265 643 2329 semina
665 2267 739 2333 trita
762 2288 837 2330 snos

135 2366 289 2448 Coniugii
311 2366 464 2430 obscoeni
485 2368 622 2447 pretinm
647 2370 793 2431 Romana
815 2369 968 2450 poposcit

196 2467 329 2531 Moenia
353 2479 384 2530 et
407 2467 549 2532 addictos
572 2469 603 2530 in
626 2491 683 2531 sua
704 2491 802 2552 regna
825 2477 949 2551 patres!

133 2569 240 2633 Noxia
262 2570 488 2644 Alexandrea,
514 2569 596 2632 dolis
619 2570 779 2650 aptissima
801 2573 914 2646 tellus,

197 2672 242 2734 Et
262 2670 357 2735 toties
380 2682 516 2746 nostro,
540 2671 709 2751 Memphi,
736 2684 864 2734 cruenta
888 2672 989 2748 malo,

134 2774 218 2835 Tres
240 2771 295 2834 ubi
316 2771 474 2852 Pompeio
497 2771 635 2833 detraxit
658 2793 751 2834 arena
774 2772 971 2853 triumphos:
1092 2846 1095 2850 ⁴

198 2873 322 2952 (Tollet
345 2872 430 2935 nulla
452 2873 517 2935 dies
540 2874 622 2934 hanc
645 2872 720 2947 tibi,
745 2873 869 2947 Roma,
895 2885 1003 2937 notam
1017 2877 1038 2953 l)

133 2977 237 3039 issent
258 2974 445 3058 Phlegraeo
468 2973 580 3036 melius
603 2973 658 3035 tibi
681 2974 792 3036 funera
816 2995 952 3054 eampo,

134 3193 176 3241 29.
197 3194 333 3239 Sententiae
352 3195 387 3238 sic
405 3197 551 3250 procedunt:
573 3195 648 3251 „quid
669 3208 802 3238 memorem
824 3194 910 3238 heroas
930 3201 954 3239 et
971 3198 1028 3240 deos
1042 3210 1056 3239 a
1075 3198 1171 3242 feminis
1187 3201 1249 3242 ursle

133 3264 227 3307 habitos
240 3262 252 3306 ’ἒ
284 3264 339 3321 quid
362 3277 494 3307 memorem
523 3276 597 3318 porro
620 3264 682 3307 inter
710 3264 812 3321 insignia
840 3265 949 3318 exempla
974 3265 1100 3310 rnuliebris
1122 3268 1248 3321 superbiae

133 3333 301 3387 Cleopatram,
322 3346 381 3388 qnae
397 3333 499 3375 inarime
519 3347 573 3376 enm
591 3333 735 3376 contumelia
753 3333 824 3376 modo
847 3345 891 3375 nos
907 3339 1070 3391 oppugnatum
1091 3342 1189 3379 venerat
1206 3338 1251 3380 im-

132 3402 271 3458 periumque
294 3402 429 3444 Romanurn
448 3426 458 3436 ·
477 3425 486 3436 -
505 3402 551 3445 sibi
568 3401 685 3456 poposcit.
695 3401 708 3421 ’'
743 3401 812 3443 Aetio
836 3398 940 3445 vehendi
956 3402 1092 3459 opprobria
1110 3404 1165 3457 illu,
1189 3406 1250 3458 apud

132 3473 228 3526 politam
251 3470 410 3524 praesertim,
441 3475 506 3514 recte
535 3471 679 3525 praecedere
710 3473 789 3524 potest
814 3470 914 3512 alteram
941 3469 1064 3527 poscendi
1088 3472 1196 3516 encenia.
1218 3487 1250 3506 -ι

132 3539 230 3584 vexerit
246 3536 293 3582 La.
314 3552 367 3581 cum
389 3538 448 3581 Celd.
472 3539 529 3594 aliq.
550 3540 620 3581 solita
636 3539 826 3592 petinotatione,
856 3539 879 3580 h.
907 3541 923 3582 Ι.
950 3541 1076 3594 perspicue
1101 3540 1171 3587 falsa.
1210 3542 1250 3584 Sic

132 3607 245 3653 enirnhoe
255 3608 358 3660 diceret,
371 3608 433 3662 quod
446 3608 550 3660 optimus
558 3611 628 3662 poe'ta
637 3608 716 3650 dicere
728 3620 845 3662 nunquam
855 3612 949 3660 poterat
961 3621 999 3662 :„,
1011 3609 1065 3664 qnid
1077 3609 1153 3652 dicam
1163 3609 1250 3652 heroas

132 3679 236 3733 deosque
254 3675 357 3736 superbe
380 3681 526 3719 tractatore
552 3676 667 3728 lerninis,
699 3677 754 3731 quid
774 3689 847 3728 porro
867 3677 962 3729 dicant,
989 3691 1060 3733 quarn
1078 3678 1249 3721 contumeliose

131 3746 201 3791 nobis
217 3759 292 3800 nuper·
311 3746 399 3788 bellum
413 3744 529 3789 intulerit
545 3745 646 3803 Aegypti
664 3745 747 3801 regino
763 3749 786 3788 et
808 3744 837 3786 ab
857 3745 960 3788 Antonio
985 3747 1089 3800 pretium
1111 3745 1156 3789 sibi
1173 3759 1251 3802 popo-

131 3815 180 3859 scit
197 3815 292 3858 moenia
310 3814 453 3869 Rornana'';
482 3814 544 3870 quod
565 3815 689 3856 soloecntn
705 3827 759 3858 esse
778 3813 858 3856 statim
882 3815 957 3858 vides.
1013 3812 1055 3858 31.
1076 3815 1196 3874 coniugia
1211 3815 1251 3858 od-

130 3884 217 3929 aeoem'
234 3883 293 3927 Cdd.
314 3895 406 3926 omnes.
426 3882 489 3925 Scal,
510 3882 558 3925 lac.
577 3880 624 3926 Lt.
644 3881 772 3936 Explicant
793 3893 868 3925 nunc:
882 3883 1016 3936 „Pretium
1033 3883 1159 3941 coniugis,
1188 3885 1251 3940 quod

130 3954 217 3997 coniux
235 3953 284 3995 dat.
322 3951 463 3995 Obscoenus
481 3956 560 3995 autern
573 3952 659 3995 coniux
678 3957 729 4004 est,
751 3953 790 4006 qni
806 3949 918 3993 feminam
936 3956 983 3994 tarn
999 3953 1112 3995 lascivam
1127 3953 1251 3996 inatrirno-

131 4021 174 4066 nio
192 4021 277 4076 petit.''
316 4020 410 4075 Audi03
441 4022 483 4064 sed
508 4034 550 4075 per
569 4034 595 4064 se
615 4022 684 4076 longe
703 4020 798 4064 facilior
826 4023 862 4061 est
881 4021 1014 4064 emendatio
1036 4021 1107 4078 vulgo
1130 4026 1249 4076 recepta:

131 4086 251 4149 Coniugii
273 4088 406 4141 obscoeni,
428 4102 470 4132 nec
488 4091 550 4144 apud
573 4090 649 4142 Prop.
669 4102 770 4142 prorsus
794 4087 936 4144 defugiendo
955 4093 1053 4142 propter
1072 4090 1175 4132 formam
1193 4103 1248 4147 gen.

131 4159 212 4204 inii:
241 4171 312 4214 quam
330 4171 417 4203 exosus
441 4157 470 4202 L.
496 4159 520 4202 in
544 4157 590 4202 Ed.
610 4172 648 4213 pr.
669 4158 784 4202 dederat:
816 4153 924 4214 Coniugi
941 4161 965 4198 et
981 4157 1049 4200 obse.
1089 4158 1141 4202 Cle.
1158 4171 1249 4201 rnoxv.

131 4224 173 4276 ll.
195 4226 338 4286 Tarquinii.
377 4228 437 4273 ltern
454 4225 477 4282 1,
496 4224 520 4281 6,
537 4224 578 4272 314.
599 4226 709 4283 imperii.
747 4223 789 4270 35.
811 4238 888 4270 vernn
907 4224 990 4268 lleins.
1010 4226 1028 4270 i.
1048 4241 1070 4274 e.
1090 4226 1215 4273 Pothinus.
