2782 4762
128 175 169 238 50

133 334 222 415 Quae
244 330 482 416 proculusque
503 332 585 394 adeo
607 326 718 393 divino
743 329 783 391 ab
802 325 929 391 numine
941 324 1064 391 distent

129 438 231 522 Inque
254 437 346 498 deum
369 454 503 498 numero
524 453 606 519 quae
627 430 692 496 sint
713 429 847 515 indigna
868 428 993 506 videri,

128 538 287 604 Notitiam
308 535 418 620 potius
439 538 595 619 praebere
617 545 652 598 ut
671 555 768 618 posse
790 545 960 617 putentur,
1188 529 1250 594 125

130 640 217 724 Quid
238 640 280 704 sit
297 638 390 702 vitali
411 650 498 703 motu
516 659 672 723 sensuque
692 648 865 701 remotum.

195 742 324 826 Quippe
343 741 459 806 etenim
478 762 544 805 non
564 751 631 817 est,
654 762 725 802 cum
744 739 862 826 quovis
884 759 1027 821 corpore
1047 748 1082 801 ut
1097 758 1165 801 esse

132 848 237 912 Posse
258 844 355 908 animi
373 854 486 907 natura
507 853 637 926 putetur
657 841 908 927 consiliumque:

131 951 223 1013 Sicut
242 949 274 1011 in
305 949 432 1010 aethere
456 967 521 1010 non
545 947 659 1021 arbos,
682 967 748 1010 non
770 965 911 1030 aequore
932 944 1016 1008 salso

130 1054 243 1114 Nubes
264 1072 332 1113 esse
354 1060 473 1135 queunt
495 1070 598 1134 neque
618 1047 725 1130 pisces
746 1046 858 1111 vivere
881 1045 914 1109 in
936 1044 1023 1110 arvis
1191 1044 1254 1107 130

131 1157 201 1217 Nec
225 1174 325 1217 cruor
344 1153 377 1215 in
398 1150 494 1237 lignis
516 1172 618 1236 neque
639 1148 725 1213 saxis
748 1170 841 1212 sucus
861 1149 985 1213 inesse:

134 1255 267 1321 Certum
287 1278 324 1318 ac
346 1253 584 1336 dispositumst,
607 1252 663 1316 nbi
679 1251 838 1339 quidquid
861 1262 985 1315 crescat
1008 1263 1039 1315 et
1062 1248 1155 1325 insit;

130 1357 186 1423 Sic
206 1357 302 1421 animi
321 1369 434 1420 natura
456 1355 567 1442 nequit
589 1355 656 1419 sine
677 1376 819 1437 corpore
843 1353 928 1420 oriri

131 1461 210 1526 Sola
231 1482 372 1545 nequeat
394 1458 505 1524 nervis
525 1470 557 1522 et
574 1457 728 1542 sanguine
750 1456 879 1542 longius
900 1479 981 1520 esse.

132 1563 230 1644 Quod
252 1562 280 1626 si
299 1572 410 1644 posset
430 1560 531 1636 enim,
555 1560 654 1624 multo
673 1559 763 1642 prins
785 1559 855 1643 ipsa
873 1559 969 1622 animi
992 1557 1040 1623 vis
1191 1557 1252 1621 185

131 1667 172 1730 In
195 1664 300 1748 capite
322 1675 375 1726 aut
397 1663 537 1726 humeris
555 1674 609 1726 ant
626 1661 699 1726 imis
720 1662 861 1727 calcibus
878 1685 947 1728 esse

131 1769 249 1834 Posset
269 1777 301 1829 et
321 1765 446 1829 innasci
465 1765 579 1852 quavis
597 1764 630 1828 in
648 1776 741 1849 parte
764 1766 885 1830 soleret

132 1870 276 1951 Quamde
298 1868 330 1931 in
353 1871 466 1936 eodem
486 1866 618 1934 'bomine
641 1881 735 1954 atque
758 1868 791 1930 in
814 1871 928 1933 eodem
949 1890 1025 1933 vase
1047 1888 1187 1932 manere.

133 1974 231 2053 Quod
253 1972 405 2057 quoniam
426 1958 542 2036 nostro
565 1992 695 2057 quoquc
718 1981 844 2035 constat
866 1992 1008 2054 corpore
1031 1981 1153 2042 certum

131 2073 398 2158 Dispositumquc
420 2072 563 2149 videtur,
585 2072 642 2136 ubi
663 2095 732 2137 esse
755 2085 786 2137 et
809 2095 955 2138 crescere
977 2073 1081 2157 possit
1191 2074 1254 2137 tto

133 2178 286 2240 Seorsum
309 2173 411 2237 anima
433 2185 527 2260 atque
550 2173 686 2250 animus,
713 2186 802 2240 tanto
826 2176 928 2261 magis
949 2177 1166 2253 infitiandum,

135 2280 257 2342 Totum
279 2297 376 2360 posse
399 2287 491 2341 extra
513 2297 633 2358 corpus
654 2277 856 2365 formamque
875 2279 1041 2344 animalem

133 2379 290 2446 Putribus
311 2378 344 2441 in
368 2378 470 2463 glebis
491 2389 649 2443 terrarum
672 2391 726 2442 aut
747 2380 825 2445 solis
846 2381 880 2444 in
902 2381 973 2468 igni

131 2484 201 2547 Aut
221 2481 254 2545 in
277 2503 360 2568 aqua
382 2483 498 2544 durare
520 2492 574 2545 ant
594 2481 666 2546 altis
688 2483 826 2547 aetheris
848 2483 929 2549 oris.

131 2586 229 2647 Haud
250 2583 351 2668 igitur
374 2594 522 2646 constant
544 2583 656 2647 divino
678 2585 824 2668 praedita
846 2609 956 2663 sensu,
1192 2587 1253 2650 145

134 2684 404 2771 Quandoquidem
425 2697 586 2772 nequeunt
607 2686 748 2751 vitaliter
769 2709 836 2752 esso
855 2689 1003 2754 animata.

195 2788 283 2854 Illud
300 2789 376 2853 item
396 2809 462 2852 non
484 2799 532 2852 est
555 2799 589 2852 ut
606 2788 711 2871 possis
735 2794 884 2867 credere,
908 2793 1010 2857 sedeis

133 2893 215 2956 Esse
234 2894 327 2954 deum
349 2902 473 2954 sanctas
490 2889 524 2953 in
548 2890 655 2955 mundi
673 2892 820 2974 partibus
837 2894 923 2959 ullis.

52 3059 56 3065 Δ
133 2992 258 3057 Tenuis
280 2991 363 3055 enim
388 3004 501 3055 natura
520 2995 613 3056 dedm
636 2994 798 3081 longeque
817 3008 943 3062 remota

134 3093 286 3158 Sensibus
307 3097 347 3156 ab
370 3093 490 3159 nostris
508 3094 604 3159 animi
626 3094 684 3159 vix
705 3111 807 3163 mente
829 3099 968 3165 videtur.
1191 3101 1252 3165 150

81 3237 88 3245 -
134 3197 224 3277 Quae
245 3195 398 3282 quoniam
420 3218 567 3260 manuum
588 3200 708 3261 tactum
731 3201 865 3286 suffugit
884 3213 917 3267 et
939 3203 1056 3282 ictum,

134 3297 260 3361 Tactile
281 3298 327 3360 nil
347 3297 443 3362 nobis
465 3303 555 3385 quod
572 3299 632 3376 sit,
657 3301 848 3388 contingere
868 3308 975 3370 debet.

135 3403 286 3486 Tangere
308 3401 391 3464 enim
409 3422 475 3466 non
497 3401 583 3488 quit,
606 3403 634 3467 si
652 3404 742 3489 tangi
761 3427 827 3471 non
846 3406 922 3473 licet
941 3408 1059 3492 ipsum,

194 3625 253 3673 itt.
273 3628 312 3672 aie
331 3629 384 3673 sint
400 3630 429 3675 L.
449 3654 482 3664 —
500 3631 539 3674 ate
555 3638 616 3678 aunt
633 3634 664 3679 ll.
713 3633 773 3680 128.
797 3637 979 3696 conciliumque
997 3637 1114 3688 111112.
1138 3642 1185 3686 Sed
1204 3642 1250 3687 cfr.

131 3699 187 3743 Lib.
200 3695 231 3753 3,
251 3695 311 3744 615.
335 3697 450 3757 Denique
467 3715 531 3759 quur
549 3704 630 3747 animi
647 3717 774 3764 nunquam
792 3720 862 3750 mens
880 3709 1063 3769 consiliumque
1082 3709 1205 3772 Gignitur
1223 3703 1258 3756 ἐπ’

131 3769 213 3827 capite
231 3772 279 3813 cet.
326 3766 385 3814 129.
404 3782 455 3813 non
472 3783 580 3830 aequore
598 3773 675 3818 Codd.
697 3775 760 3819 Edd.
779 3780 836 3820 vett.
859 3780 904 3820 Av.
926 3777 956 3826 P.
979 3778 1009 3826 A.
1033 3781 1076 3824 W.
1102 3800 1136 3813 -
1159 3795 1206 3825 nec
1224 3783 1252 3826 in

131 3851 239 3896 aequore
257 3837 286 3881 1..
301 3837 332 3886 ll.
347 3839 444 3896 ipseque
457 3839 549 3884 Eicbst.
565 3843 692 3886 immemor
704 3846 819 3889 similium
832 3843 862 3900 3,
879 3842 938 3892 185.
959 3845 990 3902 5,
1007 3843 1067 3894 231.
1116 3846 1175 3898 131.
1195 3852 1250 3896 lon·

131 3908 199 3966 giler
212 3907 241 3950 1..
254 3908 285 3952 H.
301 3913 325 3951 ut
339 3905 369 3963 3,
385 3907 444 3955 616.
484 3907 543 3955 135.
562 3909 743 3958 6011111111.
789 3912 847 3960 138.
869 3915 983 3960 Tandem
1001 3942 1011 3953 -
1031 3943 1042 3954 ·
1059 3920 1249 3966 inanereGodd.

132 3974 189 4035 (tt.)
202 3976 263 4020 Edd.
276 3982 334 4021 vett.
360 3971 393 4014 -’-
417 3978 530 4024 Tandem
548 4005 559 4018 ·
578 4006 588 4017 -
607 3989 720 4026 maneret
738 3985 782 4028 Cd.
798 3984 827 4029 G.
848 3986 961 4031 atu-tt.
975 3987 1000 4032 b.
1016 3990 1033 4033 l.
1053 3994 1077 4034 et
1095 3986 1124 4050 3,
1140 3988 1198 4036 791.
1217 4014 1250 4024 -

130 4043 236 4106 quamde
254 4046 282 4089 in
299 4046 374 4092 corde
392 4050 461 4094 omni
485 4047 535 4106 (ap.
556 4050 700 4098 Wakefield.
715 4055 746 4098 T.
762 4051 787 4099 3.
807 4068 831 4110 p.
853 4053 893 4104 18.
913 4059 955 4102 sed
975 4058 1006 4103 T.
1025 4055 1050 4103 l.
1071 4073 1094 4114 p.
1108 4058 1168 4105 att.
1191 4060 1252 4112 reno)

131 4139 141 4152 -
155 4128 288 4159 manen.
307 4117 460 4164 Beut1.unde
476 4121 516 4167 W.
538 4119 649 4182 anmde
669 4148 701 4159 --
720 4137 823 4168 manera
836 4128 938 4181 recepit.
978 4124 1036 4172 153.
1057 4129 1123 4188 quit,
1144 4128 1209 4189 quod
1226 4131 1253 4174 ai

131 4184 345 4241 cotutottttu.
359 4192 416 4233 vett.
438 4210 467 4220 -
487 4190 554 4249 quit,
573 4191 599 4234 ai
610 4191 655 4236 Av.
668 4193 710 4237 W.
732 4216 762 4226 -
782 4195 849 4254 quit,
864 4195 929 4256 quod
943 4197 1090 4243 E.A.L.H.
1130 4197 1188 4245 155.
1201 4212 1251 4257 pro

126 4255 157 4300 L.
177 4253 227 4312 „de
246 4257 386 4314 corporei.
405 4273 428 4306 c.
448 4272 493 4314 pro
512 4273 629 4317 corpore,
656 4264 685 4308 nd
703 4265 822 4312 radonem
840 4271 864 4313 et
882 4272 991 4314 naturam
1009 4269 1148 4326 eorporis.''
1170 4269 1248 4316 Forb.
