2782 4762
94 361 274 426 Fortunata
296 379 367 424 meo
389 359 416 421 ei
439 379 501 446 qua
523 379 556 422 es
580 359 740 439 celebrata
762 358 893 424 libelloi

161 460 312 526 Carmina
335 472 429 537 eruut
450 460 574 525 formae
596 471 646 525 tot
667 471 872 524 monumenta
893 469 990 523 tuaes
1141 477 1144 482 ·

96 565 179 627 Nam
202 582 305 645 neque
328 556 536 641 Pyramidum
556 569 699 643 sumptus
721 563 762 623 ad
782 560 889 624 sidera
910 559 1014 637 ducti,
1062 592 1084 647 g

21 734 24 743 Ι
84 716 89 721 .
160 665 231 729 Nec
252 662 343 726 Iovis
366 663 440 727 Elei
459 664 586 726 eaelum·
604 662 724 725 imitata
746 656 900 746 domnas

98 765 171 839 Nec
191 763 354 828 Mausolei
376 763 464 826 dives
486 764 616 827 fortuna
640 753 784 847 e'epnlcri·
982 791 986 796 ,

162 865 284 930 Mortis
307 867 353 929 ab
369 877 512 929 extrema
536 863 722 928 conditione
745 868 871 927 uacant.
890 893 904 903 ··
970 910 974 916 .

100 969 169 1032 Aut
189 967 251 1030 illis
272 967 397 1029 flamma
419 977 473 1028 aut
494 965 596 1027 imber
618 966 776 1029 subducet
795 965 955 1038 honores3

164 1071 334 1133 Annorum
357 1079 411 1130 aut
433 1066 499 1129 ictu
519 1068 664 1147 pondera
688 1065 773 1128 vieta
795 1077 903 1129 ruent.

22 1223 24 1227 .
101 1171 149 1233 At
170 1190 238 1234 nou
256 1166 387 1252 ingenio
410 1166 726 1252 quaesitumnomen
749 1168 789 1228 ab
812 1188 907 1230 aevo·
975 1210 1022 1246 ,μ

166 1266 330 1334 Excidets
353 1267 483 1353 ingenio
505 1279 568 1332 stat
589 1265 657 1330 sine
680 1276 784 1330 morte
806 1270 923 1353 decue..
1017 1271 1035 1321 '-

1089 1030 1107 1064 Ὁ

371 1455 465 1531 nn..
482 1453 550 1516 111.
573 1452 669 1532 (ev.)
692 1435 871 1515 ennom
894 1452 943 1515 11.
968 1408 971 1415 ’
1001 1407 1006 1423 ’

21 1582 26 1587 ’
102 1573 206 1638 Visus
226 1594 312 1636 erem
336 1570 425 1635 molli
445 1573 602 1634 recubans
624 1569 792 1634 Heliconis
813 1571 846 1632 in
867 1572 1000 1648 umbra,

169 1672 436 1755 Bellerophontei
459 1692 521 1755 qua
542 1670 612 1734 iltuit
633 1673 750 1734 humor
772 1671 865 1754 equi,

106 1777 235 1860 Reges,
260 1775 368 1848 Alba,
389 1785 463 1836 tuos
486 1784 518 1835 et
539 1793 653 1855 regum
677 1771 762 1833 saeta
784 1783 932 1847 tuorum,

169 1878 306 1943 Tantum
328 1874 457 1957 operis,
482 1873 590 1936 ner-vie
612 1873 745 1935 hiscere·
760 1892 857 1953 posse
879 1870 974 1934 meis:

45 1969 49 1975 ”
106 1979 278 2060 Parvaque
299 1987 364 2038 tam
386 1974 508 2058 magnis
530 1975 690 2037 admoram
713 1972 856 2036 lontibus
879 1991 956 2047 ora,

172 2079 265 2141 Unde
286 2088 380 2158 pater
400 2075 511 2138 sitiens
532 2074 751 2139 Ennius-ante
773 2072 874 2149 bibit,
958 2154 962 2160 ι
999 2109 1009 2148 ·.
1060 2122 1072 2133 ..

104 2180 152 2241 Et
174 2177 275 2250 cecini
296 2174 416 2245 curios
438 2175 611 2241 iratres-et
632 2173 770 2238 Horatia
792 2173 875 2255 pila,

172 2277 340 2362 Regiaque
363 2276 501 2341 Aemilia
522 2286 614 2338 vecta
635 2264 880 2356 tropaea'cate3

108 2376 337 2462 victricesque
358 2397 465 2441 moras
487 2376 580 2440 Fabii
600 2383 803 2463 pugnamque
825 2376 984 2455 sinistram

175 2479 374 2552 Cannensem
396 2490 428 2542 et
450 2499 565 2558 versos
588 2480 628 2539 ad
649 2476 706 2558 pia·
723 2487 803 2542 vota
820 2480 922 2551 deos3

109 2578 388 2661 Hannibalemque
410 2580 515 2641 Lares
537 2581 684 2643 Romana
705 2581 778 2641 sede
799 2567 968 2662 lingentes„

19 2806 21 2810 '
105 2818 156 2850 ena
173 2801 300 2848 Marcius.
335 2800 426 2849 Postea
444 2801 610 2865 &illumina
628 2802 683 2849 Rae
696 2806 726 2849 e'n
739 2810 884 2862 praetura,
901 2816 1043 2864 rursusque
1061 2807 1173 2852 restitnit
1189 2805 1229 2857 M.

106 2873 235 2933 Agrippa.
289 2869 331 2917 53.
350 2877 429 2932 grato
451 2885 505 2916 eum
524 2872 585 2917 cdd.
606 2875 655 2918 iac.
676 2871 723 2916 L2.
743 2895 776 2906 -
795 2886 858 2916 carc
876 2875 966 2931 Vulgo.
988 2896 1022 2908 -
1040 2887 1104 2919 reru
1121 2875 1184 2921 Cod.
1206 2875 1231 2922 l.

108 2941 206 2988 Noliba·
259 2937 303 2987 ⁵7.
331 2941 367 2985 De
385 2944 436 2985 toto
454 2941 478 2984 b.
502 2942 519 2984 l.
542 2944 639 3000 egregie
657 2943 761 2996 disputat
778 2941 903 2995 wyttenb.
922 2941 988 2985 Bibl.
1009 2942 1073 2986 Crit.
1099 2939 1134 2999 3,
1155 2941 1181 2989 4.
1205 2958 1231 2999 p.

87 3041 89 3045 -
108 3007 153 3056 60.
172 3013 257 3054 eontra
281 3010 467 3064 interpolatores
488 3009 601 3054 Batavos.
620 3011 704 3054 Burin.
722 3009 776 3053 soil.
796 3010 902 3055 malebat
921 3023 944 3054 r.
967 3005 1008 3054 57.
1030 3016 1126 3056 urentes
1143 3024 1167 3056 r.
1189 3008 1231 3056 ⁶2.

107 3077 218 3125 litoukln
241 3077 411 3126 rettulimus.
428 3076 560 3135 pondere;
580 3080 608 3123 de
628 3079 714 3136 quibus
727 3079 868 3123 commentis
884 3080 917 3122 ita
932 3079 1058 3132 wyttenb.
1078 3081 1231 3134 prenuntiat:

108 3147 174 3202 „llis
196 3147 220 3190 iu
244 3145 355 3189 versibus
378 3159 451 3202 quum
466 3148 547 3190 omnia
564 3149 613 3191 sint
626 3149 698 3203 plana
714 3152 738 3192 et
754 3161 768 3191 a
785 3147 907 3202 prioribus
926 3147 966 3191 vel
985 3147 1055 3191 tacite
1074 3139 1234 3203 probatore}

108 3217 199 3260 diserte
220 3214 331 3269 explicita
356 3215 529 3268 interpretibus
547 3215 641 3262 Graece
670 3217 832 3270 doctissimis,
860 3213 986 3272 Scaligero
1005 3216 1108 3260 inaxime
1130 3222 1155 3262 et
1179 3218 1235 3261 Mn·

109 3283 184 3339 ra'to;
204 3283 353 3337 posteriores
371 3282 497 3337 nonnulii,
530 3289 553 3328 et
570 3285 616 3339 ipsi
638 3285 748 3329 versibus
771 3286 902 3343 pangendis
929 3284 992 3328 nacti
1014 3298 1101 3330 nomen
1118 3286 1235 3341 pretium-

95 3366 158 3410 que
176 3353 276 3406 poetae,
296 3352 412 3407 quaedam
427 3352 565 3397 desiderare
581 3359 725 3408 coeperunt,
747 3344 920 3412 elegantissimi
942 3353 1038 3408 quidem
1061 3354 1096 3397 iili
1125 3355 1252 3405 homines,

110 3420 219 3480 ingenii,
246 3420 289 3462 sed
310 3420 395 3463 iudicii
412 3420 511 3464 fastidio
530 3422 635 3476 decepti,
661 3424 704 3465 dec
719 3423 775 3478 quid
793 3422 839 3467 hoe
857 3422 881 3464 iu
900 3420 1023 3475 Propertii
1041 3421 1095 3465 loeo
1113 3423 1236 3466 desidera·
1262 3430 1264 3434 ⁴

97 3489 176 3543 tori,
197 3489 218 3531 si
237 3487 331 3532 Graeca
348 3491 496 3546 cogitassent
510 3491 621 3544 exempla
636 3491 759 3548 magisque
780 3493 944 3545 spectassent,
965 3489 1020 3544 quid
1037 3485 1084 3539 ,illa
1104 3490 1173 3535 unire
1197 3503 1236 3534 se·

112 3556 299 3614 quenti'poe'tae
321 3557 403 3601 dicere
424 3558 537 3612 licuerit,
557 3571 628 3615 qnam
643 3560 698 3614 quid
714 3559 762 3613 ipsi
781 3559 832 3603 suis
854 3559 878 3601 in
897 3548 1013 3602 versibus
1032 3557 1079 3602 sibi
1097 3559 1236 3614 licere'pu·

110 3625 191 3678 .tent.''
246 3621 289 3669 6¹).
308 3631 382 3670 earet
399 3625 459 3684 lieg.
480 3640 527 3670 non
546 3622 650 3682 improb.
672 3628 721 3671 lae.

483 3767 539 3812 nna.
557 3768 604 3813 ru.
625 3766 692 3826 (ιν.)
728 3769 823 3815 enee.
844 3769 876 3813 u.

101 3934 104 3940 Α
171 3888 195 3937 7·
214 3893 287 3948 ‚silua
312 3890 341 3935 1..
379 3890 496 3935 Aemilius
508 3892 607 3937 Paullus
620 3894 790 3939 Macedonicus
805 3898 859 3948 post
871 3893 997 3937 victoriam
1013 3895 1041 3937 de
1059 3892 1136 3939 Perse
1149 3907 1238 3950 repor.

52 3972 56 3977 ·
112 3965 189 4011 tatem
207 3960 309 4004 Romam
326 3972 441 4002 reversus
459 3968 502 4014 per
522 3961 630 4006 Tiberim
645 3964 773 4022 navigavit.
798 3959 1088 4016 Liv.45,35.”1tnin.
1124 3963 1239 4008 Ceterum

101 4030 198 4074 ‚cecini
215 4029 350 4083 suspicatus
370 4031 407 4071 est
426 4028 511 4072 Iecobs
529 4027 687 4080 Blumeuleee
708 4045 733 4087 p.
754 4027 813 4075 205.
835 4031 904 4084 ideo,
930 4032 985 4087 quie
1002 4033 1041 4088 qui
1058 4032 1096 4076 hie
1119 4031 1238 4091 significa·

100 4104 156 4145 ·tur
173 4099 265 4142 Perses
286 4095 418 4140 debellatus
435 4099 587 4142 est-demum
611 4115 635 4145 a.
654 4115 679 4144 u.
698 4114 721 4144 e.
743 4096 802 4146 58⁶.
822 4112 885 4142 euno
904 4112 950 4142 uuo
968 4105 1024 4154 post
1040 4100 1112 4146 Ennii
1132 4101 1238 4155 obitum,

42 4226 45 4232 Ι
103 4163 161 4212 ”neo
180 4166 256 4224 igitur
272 4167 365 4213 ‚tonum
381 4163 470 4210 habere
490 4168 568 4220 potuit
585 4169 637 4214 eius
661 4169 698 4217 rei
713 4168 803 4214 mentio
826 4167 850 4211 in
875 4167 982 4213 eiusdem
1000 4169 1143 4215 Annalibus.
1164 4171 1239 4215 tter·-

114 4237 151 4291 pit
168 4235 251 4283 cecini
268 4231 316 4277 La.
344 4232 426 4278 Ceth:
446 4257 480 4269 -
498 4235 598 4280 cecinit.

163 4315 255 4369 Eelogae
268 4313 312 4356 Lat.
322 4313 378 4355 roes.
1030 4319 1069 4380 ss
