2782 4762
145 371 295 436 Circulos
319 373 473 436 innocuae
497 374 677 436 clauserunt
701 386 846 455 tempora
873 372 970 437 vitae.
1055 452 1057 456 Α

144 477 215 539 Nec
238 476 338 538 nriuus
362 477 438 538 hinc*
457 476 549 539 nobis
575 475 709 560 gemitus
735 477 945 560 lacrimaeque
967 476 1076 551 lutere,

146 579 247 657 Quam
272 577 297 641 si
320 568 582 641 llorentcs‘'nrors
607 578 710 641 invida
734 579 867 658 pelleret
890 599 1002 640 annos.

145 682 216 742 Nec
241 680 339 743 tenuit
361 682 441 743 tales
464 681 637 743 eommunis
661 702 755 742 eausa
772 680 946 763 querelas:

146 783 242 844 Heu!
268 783 453 858 Meliboee,
477 782 560 844 iaces
584 781 668 844 letali
691 781 816 866 frigore
839 781 946 864 segnis

144 885 235 967 Lege
260 884 440 960 bominum,
467 886 556 947 caelo
579 884 709 967 dignus,
738 895 867 946 canente
890 895 1034 958 senecta,

145 983 358 1070 Concilioquc
382 989 488 1049 debm.
534 988 665 1049 Plenum
690 985 746 1047 tibi
769 985 920 1067 ponderis
941 986 1036 1070 aequi

143 1088 262 1149 Pectus
286 1100 365 1152 erat.
410 1091 462 1150 'l'u
484 1087 658 1150 ruricolulm
683 1087 864 1150 discernere
886 1087 959 1150 lites
1023 1073 1027 1080 ⁵

145 1191 324 1267 Assueras,
352 1191 455 1253 varias
478 1189 600 1270 patiens
625 1191 790 1252 mulcendo
814 1189 973 1274 querelas.

144 1291 210 1353 Sub
234 1294 371 1356 teraris
394 1315 501 1370 amor,
526 1294 585 1354 sub
608 1304 638 1368 te
661 1291 839 1353 reverentia
861 1289 934 1354 iusti

142 1395 290 1472 Floruit,
317 1395 483 1478 ambiguos
506 1394 643 1478 signavit
666 1395 818 1458 terminus
842 1415 953 1478 agros.

142 1497 264 1559 Blanda
288 1497 342 1559 tibi
368 1499 455 1560 uoltu
480 1497 621 1582 gravitas
644 1507 674 1558 et
698 1496 772 1557 ruite
795 1517 908 1558 seuera

144 1599 266 1662 Fronte
290 1598 512 1680 supercilium,
538 1601 594 1661 sed
615 1610 727 1680 peetus
751 1598 854 1661 uritius
878 1621 947 1662 ore.

144 1703 195 1762 'l'u
219 1702 357 1764 calamos
381 1713 491 1782 aptare
513 1701 610 1763 labris
633 1712 664 1762 et
687 1701 819 1784 iungere
845 1723 918 1764 cera

144 1803 303 1865 Hortatus
327 1807 421 1865 (latras
445 1802 580 1865 docuisti
601 1802 712 1865 lallc're
744 1825 849 1866 curas.
905 1817 908 1821 ’

142 1907 211 1966 Nec
233 1927 362 1988 segnem
387 1906 478 1967 uobis
500 1925 612 1986 passus
636 1925 778 1967 marcere
801 1905 979 1980 iuuentam,

142 2010 243 2088 Saepe
267 2010 363 2070 dabas
386 2006 515 2068 meritae
538 2028 600 2069 non
624 2007 696 2068 vilia
721 2007 858 2086 praemia
884 2010 1011 2072 illusae.

142 2111 244 2190 Saepe
268 2109 360 2172 etiam
383 2110 507 2185 senior,
532 2129 572 2172 ne
595 2110 805 2172 noscanta're
826 2109 973 2194 pigeret,

141 2215 261 2274 Laetus
285 2213 437 2275 Phoebea
461 2211 567 2274 dixisti
590 2233 715 2274 carmen
734 2233 846 2275 avena.
892 2198 893 2203 ἵ

140 2316 232 2378 Felix
252 2337 277 2378 o
300 2314 483 2391 Meliboee,
509 2314 598 2378 vale!
622 2315 677 2376 tibi
699 2314 824 2377 frondis
848 2316 968 2378 odorae

139 2419 277 2480 Munera
302 2419 370 2493 dat,
395 2418 504 2480 lauros
527 2437 679 2500 carpens,
704 2417 819 2479 caucalis
841 2419 985 2499 Apollo:
1157 2420 1160 2427 ’
1217 2416 1258 2486 65

139 2520 226 2582 Dant
249 2519 367 2595 Fauni,
393 2520 479 2602 quod
501 2517 637 2603 quisquc
660 2519 766 2594 valet,
790 2523 830 2583 de
853 2521 917 2584 vite
939 2542 1101 2601 racemos,
1143 2525 1145 2528 ’
1247 2506 1249 2509 ’

139 2625 189 2686 De
211 2642 324 2703 campo
348 2621 470 2685 culnaos
494 2621 642 2705 omnique
665 2643 704 2684 ex
728 2624 846 2685 arbore
867 2624 1002 2691 fructus.

137 2726 202 2788 Dat
225 2729 404 2808 grandaeva
429 2724 523 2787 Pales
545 2723 721 2806 spumantia
746 2724 867 2804 cymbia
890 2725 991 2803 lacte,

137 2828 237 2889 Mella
261 2826 368 2889 serrant
389 2827 574 2906 Nymphae,
599 2824 698 2904 pictas
721 2828 775 2888 dat
796 2818 896 2889 Flora
918 2849 1069 2892 coronas.

137 2929 290 2991 Manibus
311 2927 364 2992 bic
385 2947 551 3008 supremus
573 2928 695 2992 honos!
720 2914 806 2990 Dant
828 2931 964 2992 earmina
988 2931 1125 3008 Illusae3
1196 2935 1255 2999 ao

138 3029 286 3094 Carmina
311 3032 386 3092 dant
408 3030 541 3103 Musae,
568 3040 679 3092 noste
705 3031 903 3093 modulamur
924 3053 1039 3098 avena.
1215 3026 1226 3034 M

136 3133 300 3196 Silvestris
322 3155 406 3195 niune
431 3144 461 3194 te
483 3131 644 3213 platanus,
671 3132 854 3208 Meliboee,
880 3148 1040 3214 susurrat,

100 3264 102 3267 ¹
137 3238 185 3298 'l'e
208 3236 316 3317 pinus;
339 3239 453 3298 reboat
474 3247 524 3308 te,
550 3234 701 3318 quidquid
723 3235 869 3298 carminis
893 3238 987 3301 Echo

136 3341 322 3420 Respondet
344 3339 459 3412 silvac;
484 3348 515 3400 te
537 3350 647 3400 nostra
670 3347 809 3400 armenta
831 3340 1020 3421 loquuntur.

136 3443 282 3524 Namque
306 3439 394 3522 prius
417 3439 508 3502 siccis
531 3445 654 3520 phocae
678 3453 847 3519 pascentur
869 3443 899 3504 in
924 3443 1009 3506 arvis
1073 3439 1078 3442 ¹
1213 3447 1252 3511 75

134 3542 352 3626 Hirsutusque
375 3544 459 3605 sreto
484 3542 575 3603 river
592 3543 663 3617 leo,
689 3542 792 3605 dulcia
817 3543 908 3606 mella

135 3647 300 3705 Sudabunt
322 3644 406 3718 taxi,
431 3643 571 3707 contusis
594 3645 717 3728 legibus
740 3645 814 3707 anni

136 3747 277 3808 Messem
302 3745 401 3807 tristis
424 3745 541 3819 hiems,
567 3758 670 3808 aestas
694 3748 844 3810 tractabit
867 3747 986 3825 olivas,
1046 3757 1048 3766 ⁴

132 3848 217 3908 alnte
241 3847 325 3909 dabit
349 3849 446 3909 flores
470 3860 676 3922 auctuumus,
702 3870 759 3912 ver
782 3851 868 3913 dabit
891 3863 987 3926 raras,

119 3950 236 4026 -Quam
259 3960 380 4025 taccat,
406 3948 590 4025 Meliboee,
614 3962 685 4015 tuas
710 3975 777 4016 mea
800 3953 903 4015 fistula
927 3955 1047 4018 laudes.
1209 3935 1270 4022 80⁸

130 4053 203 4117 (Pit.
249 4053 377 4133 Perge,
402 4070 499 4133 puer,
526 4065 737 4134 coeptumque
759 4054 815 4118 tibi
838 4079 877 4117 ne
900 4060 1010 4122 desere
1033 4078 1172 4125 caranen.

132 4156 213 4216 Nam
237 4154 282 4216 sie
305 4155 394 4216 dulce
419 4176 534 4230 sonas,
561 4168 593 4217 ut
617 4169 647 4219 te
671 4158 812 4237 placatus
837 4160 958 4239 Apollo

131 4259 298 4320 Provebat
321 4268 351 4320 el
374 4257 454 4320 lolia
476 4258 631 4319 doruinam
655 4263 809 4341 perducat
832 4265 872 4324 ad
892 4262 1027 4327 Urbem.
