2782 4762
140 347 179 408 Id
200 368 325 408 rursum
346 345 426 409 caeli
446 344 580 408 relatum
603 343 721 427 templa
741 353 925 424 receptant:

139 450 210 511 Nec
232 448 279 512 sic
300 447 454 513 interimit
476 468 563 512 mors
583 467 652 522 res,
676 458 710 509 ut
732 443 875 510 materiai
933 471 936 479 ·

141 550 294 634 Corpora
319 550 487 626 conficiat,
511 553 567 614 sed
587 560 713 615 coetum
737 547 879 630 dissupat
902 546 994 612 ollis:

139 656 219 718 Inde
240 653 311 718 aliis
333 653 419 717 aliud
443 651 610 737 coniungit
632 664 664 719 et
685 650 795 728 efficit,
819 672 928 717 omnes

140 759 207 822 Res
228 756 272 821 ita
296 767 491 822 convertant
511 756 634 821 formas
657 765 839 842 mutentque
861 754 990 818 colores
1175 754 1254 816 1005

139 862 184 925 Et
201 858 328 942 capiant
344 880 453 923 sensns
470 871 502 923 et
521 869 641 942 puncto
663 870 810 941 tempore
831 859 984 928 reddant;

138 964 184 1027 Ut
206 984 321 1026 noscas
340 961 480 1038 referre,
503 966 611 1027 eadem
634 961 814 1044 primordia
835 982 941 1024 rerum

140 1064 222 1130 Cum
245 1065 361 1151 quibus
384 1076 415 1128 et
436 1064 522 1151 quali
542 1063 688 1148 positura
710 1063 932 1129 contineantur

138 1171 183 1232 Et
205 1191 288 1253 quos
309 1168 393 1234 inter
415 1191 449 1235 se
474 1172 548 1231 deut
568 1179 672 1232 motus
693 1166 934 1253 accipiantque:

138 1273 229 1334 Neve
251 1283 342 1353 putes
365 1282 492 1334 aeterna
513 1292 625 1352 parum
645 1269 787 1337 residere
810 1281 938 1352 potesse
1174 1271 1255 1331 1010

138 1373 294 1457 Corpora
316 1374 435 1456 prima,
459 1377 547 1459 quod
568 1373 601 1436 in
623 1371 752 1437 summis
774 1373 900 1436 fluitare
922 1371 1064 1436 videmus

138 1479 249 1542 Rebus
270 1489 301 1539 et
323 1475 482 1540 interdum
505 1476 596 1540 nasci
618 1476 788 1562 subitoque
807 1473 934 1558 perire:

138 1579 223 1660 Quin
245 1579 338 1642 etiam
361 1579 463 1646 refert
485 1578 607 1644 nostris
628 1579 661 1641 in
684 1579 830 1642 versibus
851 1577 948 1661 ipsis,

138 1681 219 1747 Cum
243 1682 359 1766 quibus
379 1695 410 1746 et
432 1682 518 1768 quali
540 1682 602 1746 sint
624 1681 736 1747 ordine
758 1704 903 1768 quaeque
924 1681 1049 1747 locata:

137 1787 284 1870 Namque
306 1790 415 1849 cadem
438 1786 577 1862 caelum,
601 1808 703 1862 mare,
726 1796 845 1864 terras,
868 1785 1013 1863 flumina,
1037 1786 1137 1850 soler'n
1173 1788 1253 1850 1015

138 1887 342 1971 Significant,
367 1892 475 1952 eadem
495 1889 623 1972 fruges,
646 1891 792 1963 arbusta,
815 1887 1019 1962 animanteis;

137 1992 171 2054 Si
194 1982 258 2053 uon
281 1991 389 2055 omnia
411 1991 489 2068 sint,
513 2003 545 2054 at
567 1991 666 2056 multo
689 2013 836 2054 maxuma
857 2013 933 2072 pars
952 2002 1000 2053 est

137 2093 341 2168 Consimilis3
369 2116 479 2158 verum
501 2093 648 2176 positura
670 2093 879 2177 discrepitant
899 2116 964 2158 res.

138 2197 191 2260 Sic
211 2197 290 2280 ipsis
312 2197 345 2260 in
365 2199 462 2260 rebus
481 2196 557 2261 item
577 2197 640 2260 iam
661 2197 805 2261 materiai

138 2300 328 2375 Intervalla,
353 2300 439 2376 viae,
463 2321 643 2376 connexus,
667 2303 831 2382 pondera,
855 2302 990 2386 plagae,
1173 2304 1254 2365 1020

137 2403 341 2478 Concursus,
367 2414 487 2479 motus,
511 2406 613 2478 ordo,
636 2402 799 2485 positura,
822 2405 946 2487 figurae

136 2507 242 2585 Quom
264 2515 503 2587 permutantur,
528 2505 644 2568 mutari
667 2528 719 2569 res
741 2528 871 2592 quoque
893 2508 1022 2569 debent.

198 2611 294 2672 Nunc
313 2607 450 2671 animum
469 2608 563 2673 nobis
585 2609 702 2673 adhibe
724 2631 832 2672 veram
856 2612 895 2672 ad
912 2609 1082 2676 rationem.

135 2715 217 2776 Nam
238 2712 298 2775 tibi
321 2714 524 2776 vehementer
546 2733 633 2776 nova
655 2734 707 2776 res
730 2711 862 2777 molitur
881 2715 921 2775 ad
941 2711 1046 2776 aureis

134 2814 294 2878 Accidere
315 2827 346 2878 et
368 2837 454 2880 nova
476 2837 509 2879 se
532 2815 655 2897 species
678 2819 847 2879 ostendere
867 2839 987 2879 rerum.
1091 2875 1094 2881 ,
1171 2820 1251 2880 1025

134 2921 197 2982 Sed
217 2940 319 3003 neque
340 2930 405 2981 tam
426 2918 531 2983 facilis
550 2940 601 2982 res
623 2918 732 2993 ullast,
756 2918 832 3002 quin
855 2940 891 2981 ea
912 2918 1048 3000 primum

65 3070 68 3074 .
134 3020 281 3084 Difficilis
303 3021 403 3105 magis
427 3025 467 3083 ad
489 3024 683 3085 credundum
706 3032 848 3097 constct;
870 3022 1009 3107 itemque

134 3123 190 3186 Nil
209 3127 289 3186 adeo
311 3145 458 3208 magnum
477 3145 579 3209 neque
597 3136 661 3186 tam
683 3123 827 3188 mirabile
850 3124 1037 3212 quidquam,

134 3228 232 3306 Quod
250 3248 315 3290 non
337 3225 502 3309 paullatim
524 3225 665 3289 minuant
685 3226 832 3291 mirarier
854 3250 977 3292 omnes.

197 3312 366 3410 Principio
395 3327 475 3391 caeli
496 3329 617 3391 clarum
636 3351 814 3414 purumque
834 3331 996 3407 colorem,
1170 3333 1252 3394 1000

134 3432 299 3516 Quemque
320 3431 354 3493 in
375 3454 408 3494 se
432 3429 585 3495 cohibent
606 3431 745 3514 palantia
764 3432 870 3496 sidera
890 3435 1022 3516 passim,

132 3588 237 3632 restitnit
255 3589 296 3631 W.
325 3586 431 3631 Dubium
450 3594 558 3632 remanet
573 3594 651 3632 utrum
672 3589 791 3647 liquentie
812 3586 853 3646 (C.
873 3589 982 3645 Ε.Α111.)
1000 3593 1075 3648 genit.
1095 3593 1126 3634 sit
1144 3593 1247 3648 sugat,

131 3671 257 3701 arraccns.
277 3659 340 3712 plur.
372 3658 689 3714 Hoccquidempraefaro:
709 3664 795 3717 guttas
813 3660 945 3718 liquentes.
988 3657 1064 3706 1005.
1085 3667 1196 3704 utcono.
1219 3663 1246 3705 C.

131 3727 302 3772 ndu-H.
341 3725 417 3772 1007.
438 3728 497 3771 Cdd.
513 3725 536 3772 5.
553 3729 649 3772 Wakel.
664 3727 728 3772 etC.
742 3729 803 3773 Edd.
818 3735 893 3774 vett:
914 3749 948 3761 ·-
965 3744 1068 3782 eorum,
1088 3730 1159 3784 prob.
1174 3729 1246 3775 Wak.

133 3798 222 3841 Contra
235 3795 322 3841 endem
334 3799 393 3841 llas.
409 3799 438 3842 ll.
448 3799 490 3841 W.
505 3798 573 3855 idque
587 3797 667 3840 firmat
679 3799 722 3842 Cd.
731 3798 761 3842 Ε.
783 3795 858 3843 1010.
869 3812 948 3856 penes
962 3800 1038 3843 Codd.
1050 3798 1091 3855 (C.
1101 3799 1142 3853 E.)
1154 3805 1177 3843 et
1186 3801 1247 3845 Edd.

131 3873 189 3912 vett.
203 3868 233 3910 L.
248 3867 277 3915 Η.
300 3891 329 3900 -
344 3881 437 3924 porum
456 3867 495 3911 Pii
514 3868 590 3913 Codd.
610 3869 639 3911 Α.
660 3869 702 3916 W.
722 3870 739 3912 i.
761 3883 783 3912 e.
803 3883 880 3922 „neve
899 3874 981 3924 putes,
1001 3870 1055 3912 ideo
1075 3872 1136 3926 quod
1156 3876 1249 3915 atomos

131 3940 154 3982 iu
174 3938 272 3981 smmuis
291 3938 364 3982 rebus
376 3938 470 3982 fluitare
483 3937 605 3992 videmus,
625 3938 722 3982 minime
741 3943 851 3982 aeternas
869 3952 965 3982 innuere
984 3952 1024 3981 eas
1044 3952 1113 3993 posse
1133 3946 1156 3984 et
1175 3942 1248 3984 inter-

130 4013 186 4051 dum
206 4008 271 4050 nasci
290 4021 317 4066 ac
335 4009 414 4052 subito
433 4008 540 4062 perire.'’
579 4005 655 4052 1013.
675 4007 779 4068 (tuendo
798 4009 874 4052 Codd.
890 4007 914 4050 2.
930 4007 976 4050 Ed.
989 4013 1045 4052 vett.
1065 4025 1139 4068 usquc
1157 4012 1185 4053 ad
1202 4011 1246 4054 Ar.

132 4074 208 4122 1018.
230 4075 291 4120 leues
310 4077 339 4121 L.
359 4079 389 4122 ll.
406 4082 490 4121 contra
506 4078 564 4122 Cdd.
615 4075 690 4124 1024.
711 4075 864 4122 uekeeuenter
883 4077 959 4121 tribus
976 4080 1074 4128 sultanis
1093 4083 1247 4136 pronuntiau-

130 4150 200 4206 dum,
221 4152 246 4190 ut
263 4148 286 4191 in
304 4147 535 4192 Contradicere.
555 4148 617 4203 Epp.
635 4149 663 4191 ad
680 4149 747 4192 Fam.
767 4149 818 4193 tere
833 4161 928 4202 semper
947 4150 1061 4194 scribitur
1079 4164 1194 4203 uomens,
1209 4165 1248 4194 ea-

130 4223 235 4261 meuter.
291 4215 368 4263 1029.
388 4216 533 4276 Principio,
564 4217 630 4276 quod
647 4232 697 4268 uou
715 4219 829 4263 minitant
850 4218 971 4262 mirarier
991 4233 1076 4264 omnes
1094 4219 1248 4273 Paullatim

131 4293 156 4332 ut
173 4288 238 4331 coeli
256 4287 285 4330 L.
308 4290 369 4332 coni.
391 4288 419 4332 ll.
