2782 4762
133 330 334 420 Feminaque
355 343 390 397 ut
413 330 555 398 maribus
573 329 728 419 coniungi
749 331 870 418 possit,
891 334 1013 399 babere

135 434 274 512 Mutua,
296 435 352 522 qul
375 446 504 501 nectant
523 433 608 501 inter
628 457 663 501 ee
686 435 803 521 gaudia
825 447 973 523 uterque.

199 536 372 621 Multaque
387 548 453 602 tum
470 537 630 603 interiisse
652 538 843 603 animantum
866 538 953 604 secla
974 548 1135 606 necessest

133 640 207 705 Nec
227 640 371 724 potuisse
391 643 606 728 propagando
627 645 811 724 procudere
830 641 971 726 prolem.

133 742 220 806 Nam
239 764 483 830 quaequomque
500 743 590 808 vides
611 742 699 807 vesci
720 743 870 808 vitalibus
894 743 996 820 auris,
1161 818 1165 829 .
1196 742 1258 808 855

133 846 205 909 Aut
224 845 318 911 dolus
339 857 395 910 aut
416 845 521 910 virtus
543 857 596 909 aut
621 845 759 933 denique
780 845 941 912 mobilitas
963 857 1011 911 est

134 948 191 1012 Ex
208 946 336 1013 ineunte
354 938 441 1014 acvo'
460 970 560 1034 genus
580 947 615 1013 id
634 958 735 1012 tutata
754 969 937 1014 reservans.

133 1048 308 1137 Multaque
329 1062 416 1128 sunt,
438 1050 537 1116 nobis
555 1072 597 1116 ex
617 1050 752 1115 utilitate
771 1073 828 1115 sua
850 1073 932 1137 quae

134 1151 366 1218 Commendata
385 1165 528 1231 manent,
551 1152 668 1218 tutelae
690 1152 808 1216 tradita
829 1166 974 1218 nostrae.

196 1254 389 1338 Principio,
414 1278 515 1344 genus
532 1278 609 1321 acre
627 1255 754 1321 leonum
778 1278 937 1342 saevaque
961 1255 1046 1322 secla
1196 1255 1260 1319 860
1354 1339 1359 1344 ,

135 1358 254 1421 Tutata
272 1369 320 1422 est
340 1357 460 1435 virtus,
483 1358 610 1443 volpeis
633 1358 726 1424 dolus
746 1371 778 1423 et
795 1359 874 1444 suga
894 1381 1025 1426 cervos.

134 1461 182 1525 At
202 1458 380 1525 levisomna
402 1482 515 1525 eanum
536 1462 603 1526 fido
628 1484 699 1525 cum
721 1472 857 1545 pectore
881 1465 981 1528 corda

134 1563 179 1626 Et
201 1584 302 1648 genus
326 1584 437 1641 omne,
461 1567 551 1649 quod
570 1575 619 1628 est
642 1565 788 1630 veterino
812 1563 930 1629 semine
951 1575 1097 1648 partum,

133 1664 380 1751 Lanigeraeque
402 1665 494 1757 simul
515 1670 655 1749 pecudes
676 1678 707 1730 et
729 1669 848 1732 bucera
872 1668 975 1745 secla,
1061 1720 1064 1724 ,

135 1766 252 1832 Omnia
275 1780 346 1832 sunt
367 1767 533 1833 homiuum
551 1769 669 1832 tutelae
692 1769 826 1846 tradita,
850 1770 1001 1835 Memmi.
1069 1852 1071 1856 Α
1195 1770 1260 1833 855

133 1871 220 1934 Nam
242 1869 357 1953 cupide
379 1871 495 1956 fugere
517 1871 604 1935 seras
625 1893 800 1958 pacemque
820 1883 972 1957 sequutae

134 1973 215 2036 Sunt
235 1983 268 2036 et
289 1972 382 2058 larga
399 1995 463 2050 ¹suo
487 1973 554 2039 sine
576 1975 694 2058 pabula
716 1984 808 2057 parta
828 1974 961 2051 labore,

135 2073 226 2155 Quae
246 2077 355 2139 damus
377 2075 524 2140 utilitatis
546 2099 658 2145 eorum
679 2076 822 2160 praemia
847 2098 970 2142 caussa.

133 2179 194 2254 At,
218 2176 311 2264 queis
332 2177 378 2241 nil
396 2180 516 2267 'horum
539 2178 654 2243 tribuit
676 2189 807 2256 natura,
830 2202 933 2267 neque
956 2179 1026 2263 ipsa

134 2282 259 2364 Sponte
280 2303 336 2344 sua
358 2293 492 2364 possent
513 2293 548 2345 ut
570 2282 682 2347 vivere
702 2304 762 2345 nec
784 2285 860 2346 dare
882 2283 978 2347 nobis
1200 2284 1263 2346 870

132 2383 314 2449 Utilitatem
336 2382 491 2470 aliquam,
517 2406 618 2471 quare
642 2395 827 2468 pateremur
849 2406 962 2449 eorum

132 2485 305 2553 Praesidio
327 2499 441 2552 nostro
463 2486 553 2571 pasci
575 2508 676 2573 genus
702 2507 833 2574 esseque
853 2498 974 2565 tutum,

132 2587 267 2655 Scilicet
287 2591 368 2654 baec
389 2589 460 2654 aliis
480 2592 619 2673 praedae
641 2588 799 2673 lucroque
816 2588 965 2654 iacebant

132 2691 327 2775 Indupedita
345 2691 410 2757 suis
431 2691 585 2758 fatalibus
604 2691 710 2757 omnia
733 2691 866 2770 vinclis,

131 2793 251 2861 Donec
272 2797 312 2859 ad
331 2794 495 2860 interitum
517 2817 618 2881 genus
638 2794 673 2859 id
693 2795 818 2859 Natura
840 2794 981 2881 redegit.
1198 2796 1261 2860 875

163 2910 165 2914 “
198 2897 264 2962 Sed
285 2920 388 2987 neque
410 2897 587 2965 Centaurei
608 2898 738 2964 luerunt
759 2919 819 2964 nec
839 2909 987 2982 tempore
1008 2901 1042 2962 in
1064 2898 1131 2964 ullo

132 3147 281 3195 catervatr'm
297 3144 406 3194 Ludunt.
445 3144 506 3194 848.
533 3145 691 3206 procudere,
713 3150 777 3207 quod
794 3162 818 3195 r.
839 3144 900 3195 855.
920 3150 1028 3195 estsine
1046 3150 1215 3194 controversia
1233 3163 1261 3194 ae

130 3223 232 3276 propter
249 3219 296 3264 boe
314 3220 407 3275 ipsum,
427 3222 454 3262 ut
471 3219 618 3264 devitaretur
637 3220 718 3275 inepta
737 3224 761 3264 et
773 3220 882 3277 quaesita
894 3217 1013 3274 varietas,
1032 3211 1072 3263 ble
1084 3232 1178 3277 quoque
1190 3232 1260 3275 prae·

129 3289 258 3335 reundum
268 3294 328 3344 erat,
341 3289 430 3333 babent
439 3289 484 3333 Cd.
491 3286 530 3337 Ω.
537 3288 567 3337 L.
575 3289 606 3334 ll.
616 3288 822 3347 -praecludere
832 3289 861 3334 C.
870 3289 901 3334 E.
910 3313 943 3322 -
949 3287 1091 3346 producere
1097 3289 1167 3334 Brit.
1177 3289 1222 3338 Ar.
1229 3289 1259 3334 P.

131 3360 175 3404 W.
186 3359 217 3404 F.
255 3356 316 3406 858.
335 3358 449 3414 semina,
469 3372 532 3417 quae
547 3358 578 3403 E.
592 3372 670 3404 aser.
685 3373 718 3404 m.
731 3359 778 3404 Av.
788 3359 818 3405 Ρ.
831 3360 904 3403 Walt.
926 3381 958 3392 -
976 3372 1025 3419 qun
1039 3359 1069 3403 G.
1087 3359 1117 3402 E.
1135 3373 1204 3414 apr.
1226 3374 1260 3405 m.

129 3428 193 3475 Edd.
204 3433 263 3474 vett.
273 3430 304 3475 A.
316 3429 346 3473 L.
358 3429 390 3474 ll.
426 3425 487 3474 852.
501 3426 553 3487 qui]
567 3430 600 3472 ita
609 3429 725 3474 meliores
738 3428 827 3484 Codd.,
842 3428 952 3473 etiamn.
964 3428 995 3473 E.
1005 3428 1067 3473 Edd.
1076 3432 1135 3473 vett.
1147 3451 1180 3462 -
1190 3429 1262 3487 queis

92 3550 100 3557 ‚
132 3499 210 3544 Codd.
228 3494 253 3548 3.
268 3499 314 3545 Ar.
331 3499 389 3544 illud
406 3499 518 3552 praetuli.
563 3497 600 3544 lb.
626 3504 734 3544 metuent
755 3500 833 3544 Codd.
854 3496 878 3544 7.
898 3498 929 3542 Ε.
952 3498 998 3542 Ed.
1018 3503 1076 3543 vett.
1097 3501 1210 3542 metuunt
1227 3493 1260 3546 Δ.

132 3567 296 3618 metucntII.
321 3574 433 3613 mutuent
449 3568 479 3613 C.
506 3574 604 3613 nectent
616 3568 661 3614 Αν.
673 3569 703 3613 Ρ.
728 3567 872 3613 nectaneb.
886 3568 915 3612 L.
928 3567 959 3612 ll.
969 3567 1062 3613 Eicbst.
1082 3571 1204 3611 meterent
1217 3568 1259 3611 W.

131 3640 197 3686 roni.
217 3640 318 3698 ideoque
331 3644 355 3684 et
368 3652 391 3683 v.
406 3639 562 3694 praecedente
578 3643 662 3683 contra
680 3639 757 3683 Codd.
775 3638 874 3692 scripsit
885 3643 982 3694 posset.
1021 3636 1057 3682 lb.
1075 3642 1178 3695 uterque
1191 3636 1260 3680 Libri

131 3722 226 3759 omues.
242 3709 303 3753 Edd.
318 3713 376 3754 vett.
390 3708 420 3753 Α.
441 3709 553 3767 utrisque
568 3708 598 3752 L.
611 3709 641 3752 ll.
692 3706 751 3754 857.
771 3711 907 3754 construe:
927 3706 1070 3762 „mobilitas
1089 3711 1127 3751 est
1144 3710 1218 3750 tutata
1238 3708 1261 3751 id

131 3793 223 3838 genus,
243 3780 307 3824 idem
324 3791 469 3832 reservans,
488 3778 521 3821 ita
540 3782 566 3823 ut
584 3778 647 3822 idem
666 3779 847 3824 conservaret.’'
885 3777 944 3823 861.
964 3777 1260 3825 etE.esec.1n.Ar.-ll.

131 3864 149 3893 a
159 3845 231 3910 suga
246 3849 277 3894 E.
289 3863 350 3905 apr.
362 3863 395 3892 m.
416 3848 466 3893 Ner.
481 3852 559 3893 tamen
575 3853 674 3902 propter
691 3862 759 3906 seqq.
779 3847 960 3895 deleveramus
976 3848 1000 3891 h.
1017 3849 1034 3891 l.
1052 3846 1160 3891 scribere
1176 3860 1261 3902 possu·

131 3933 185 3964 mus
202 3925 238 3967 nt.
260 3941 290 3951 —
311 3918 446 3963 arante.
461 3919 503 3962 W.
551 3914 610 3963 866.
630 3924 716 3963 reeutu
735 3919 765 3963 L.
782 3920 862 3963 Beati.
909 3914 968 3962 872.
988 3918 1053 3962 Male
1072 3917 1095 3960 in
1116 3916 1177 3961 Edd.
1195 3919 1260 3976 vulg.

131 3990 206 4034 etiam
218 3991 242 4034 iu
254 3989 356 4048 Forbig.
370 3988 468 4044 ponitur
480 3989 576 4047 siguum
589 3989 708 4047 interrog.
723 3994 778 4044 post
790 4002 812 4033 v.
827 3993 917 4032 tutum.
946 3987 999 4030 Una
1016 3988 1070 4034 scil.
1092 3992 1130 4031 est
1148 3988 1262 4043 periodus

130 4057 176 4114 At,
196 4059 268 4121 queis
289 4085 298 4095 -
316 4085 326 4094 ·
346 4084 356 4095 ·
373 4057 473 4103 Natura
491 4058 606 4118 redegit:
625 4064 649 4103 et
667 4072 745 4117 quare
763 4074 810 4102 nou
830 4062 868 4103 est
886 4057 970 4112 partic.
991 4057 1127 4114 interrog„
1147 4059 1190 4101 sed
1205 4071 1260 4101 cnu-

133 4130 207 4186 salis‚
236 4144 328 4188 „qnam
348 4129 378 4173 ob
398 4142 509 4184 cansam,
529 4133 628 4184 propter
647 4142 718 4186 quam
737 4127 890 4173 utilitateu1.''
943 4123 1003 4171 875.
1016 4122 1128 4185 suerunt
1146 4127 1169 4182 (e
1181 4127 1260 4179 bravi)

134 4199 195 4250 Cdd.
208 4201 296 4258 pleriq.
325 4201 420 4259 Vulgo,
446 4199 519 4244 etiarn
540 4198 633 4264 Eicbst.
655 4198 731 4245 Forb.
762 4221 790 4233 -
812 4194 923 4257 suerent
947 4196 1258 4246 C.E.Edd.vett.Wulr.
