2782 4762
1188 175 1250 239 915

131 381 144 408 „
158 335 210 397 An
234 332 400 416 quisquam
425 342 472 394 est
493 330 572 394 alius
593 330 694 408 liber,
719 330 782 394 nisi
804 334 920 395 ducere
943 331 1038 395 vitam

130 436 192 502 Cui
215 437 310 512 licet,
334 447 368 497 ut
391 432 520 498 voluit?
543 433 657 509 Licet,
682 444 716 496 ut
738 435 834 510 volo,
859 433 991 496 vivere:
1015 454 1078 496 non
1101 454 1170 496 sum

129 538 283 601 Liberior
306 535 435 599 Bruto?
458 566 500 580 -
522 537 706 608 „Mendose
728 535 895 618 colligis”,
918 533 1020 617 inquit
1067 592 1072 611 .
1208 535 1248 598 85

131 640 258 704 Stoicus
281 639 350 714 hic,
376 659 482 701 aurem
507 638 650 700 mordaci
670 639 755 702 lotus
778 650 889 701 aceto:

130 744 228 817 „Hoc
243 774 284 784 —
299 742 423 825 reliqua
444 739 568 822 accipio
583 775 624 785 —
640 740 726 817 licet,
751 750 786 801 ut
807 740 904 814 volo,
926 739 1055 814 vivere,
1080 738 1192 803 tolle.''
1208 774 1250 786 —

131 844 304 919 „Vindicta
328 855 498 926 postquam
520 864 607 905 meus
629 863 646 904 a
668 853 821 924 praetore
842 842 979 917 recessi,

132 946 201 1011 Cur
224 945 299 1009 mibi
321 967 384 1009 non
406 945 523 1019 liccat,
547 945 635 1008 iussit
657 948 874 1029 quodcunque
897 932 1064 1017 voluntas,

130 1051 299 1131 Excepto,
322 1050 350 1110 si
371 1047 448 1130 quid
470 1047 597 1109 Masuri
618 1046 746 1109 rubrica
769 1045 942 1110 vetavit?’'
965 1081 1004 1092 -
1210 1047 1252 1110 90

130 1198 145 1226 ‚‚
154 1150 269 1214 Disce!
292 1151 349 1212 sed
368 1148 415 1211 ira
437 1150 528 1211 cadat
549 1169 627 1212 naso
650 1169 835 1231 rugosaque
857 1169 972 1224 sanna,

129 1255 214 1317 Dum
237 1263 364 1314 veteres
387 1249 474 1315 avias
496 1249 554 1312 tibi
576 1253 614 1313 de
635 1251 787 1332 pulmone
808 1250 945 1313 revello.

77 1378 79 1382 ’
111 1356 205 1419 ,Νοιι
228 1353 386 1436 praetoris
409 1365 478 1416 erat
499 1348 605 1416 stultis
629 1355 706 1414 dare
728 1351 835 1413 tenvia
857 1372 963 1414 rerum

131 1456 243 1520 Officia
265 1468 360 1536 atque
384 1476 473 1517 usum
496 1454 625 1535 rapidae
647 1452 833 1535 permittere
856 1452 958 1516 vitae:

131 1559 317 1621 Sambucam
341 1557 432 1621 citius
454 1556 560 1619 caloni
582 1555 743 1637 aptaveris
766 1555 845 1619 alto.

132 1662 202 1722 Stat
225 1671 338 1722 contra
358 1659 441 1721 ratio
464 1668 497 1720 et
518 1668 672 1720 secretam
695 1657 806 1740 gannit
826 1659 859 1719 in
880 1678 1007 1731 aurem,

130 1763 181 1824 Ne
203 1761 296 1823 liceat
317 1761 426 1824 facere
447 1760 500 1834 id,
525 1762 614 1842 quod
635 1760 706 1842 quis
730 1758 853 1821 vitiabit
876 1762 1015 1843 agendo.

129 1863 264 1927 Publica
286 1863 339 1925 lex
360 1863 523 1925 hominum
547 1873 721 1942 naturaque
744 1860 885 1924 continet
906 1864 970 1924 hoc
990 1861 1057 1935 sas,

104 1949 107 1954 ¹
132 1967 177 2028 Ut
198 1976 304 2027 teneat
326 1963 444 2028 vetitos
466 1963 589 2027 inscitia
611 1962 723 2026 debilis
745 1974 848 2025 actus.

129 2066 233 2130 Diluis
255 2066 473 2140 helleborum,
497 2075 587 2128 certo
610 2085 815 2145 compescere
836 2077 955 2146 puncto
1192 2067 1252 2128 100

130 2167 267 2232 Nescius
290 2189 434 2231 examen.
480 2168 581 2230 Vetat
602 2169 666 2230 hoc
689 2177 801 2229 natura
825 2168 979 2256 medendi.
1003 2200 1043 2211 -

130 2270 247 2332 Navim
269 2269 295 2332 si
316 2281 430 2351 poscat
451 2269 512 2331 sibi
533 2280 707 2350 peronatus
730 2281 840 2332 arator

130 2371 276 2435 Luciferi
296 2371 404 2447 rudis,
429 2372 584 2445 exclamet
606 2370 779 2434 Melicerta
800 2371 923 2453 perisse

130 2475 281 2538 Frontem
306 2475 344 2536 de
367 2475 477 2536 rebus.
499 2508 537 2519 -
564 2473 639 2535 Tibi
661 2484 751 2536 recto
776 2472 885 2537 vivere
907 2475 974 2538 talo

130 2577 197 2638 Ars
219 2574 329 2639 dedit?
351 2586 383 2637 et
405 2573 474 2636 veri
493 2573 629 2657 speciem
652 2573 841 2658 dignoscere
863 2575 979 2650 calles,
1188 2580 1248 2643 105

201 2745 244 2793 84.
271 2771 297 2780 -
321 2748 381 2792 iicet
409 2755 436 2792 nt
456 2746 531 2791 libuit
558 2747 637 2790 REM.
669 2747 706 2791 lb.
732 2744 799 2806 erem]
824 2747 913 2792 Omnes
937 2751 994 2792 mei.
1038 2746 1080 2793 87.
1099 2747 1170 2800 Hoc,
1190 2751 1250 2794 reii-

130 2814 189 2876 quo]
208 2817 285 2860 Codd.
305 2819 363 2874 aliq.
384 2840 417 2850 -
435 2815 504 2861 Haec
524 2816 622 2874 reliquo
640 2816 737 2872 accipio
756 2815 845 2860 Omnes
863 2818 920 2864 mei.
958 2817 994 2860 lb.
1014 2817 1074 2860 lieet
1094 2823 1120 2861 nt
1137 2820 1191 2862 eolo
1209 2821 1249 2863 si-

130 2900 186 2930 nere
208 2882 519 2944 10110103d.tchaintrit.
551 2909 584 2919 -
610 2884 668 2928 licet
685 2885 751 2930 illud
773 2891 797 2928 et
815 2891 841 2929 ut
866 2887 919 2930 eolo
945 2886 1003 2930 tolie
1021 2887 1186 2932 Tuvttsnrn.
1207 2889 1250 2932 sed

129 2955 208 2998 RM.:
237 2953 315 2999 istud.
361 2953 403 3000 89.
436 2979 469 2989 -
496 2953 653 3013 quodeonpne
674 2954 705 2997 R.
753 2951 794 3000 90.
820 2978 853 2988 —-
881 2955 978 2999 vacarit
1003 2957 1034 2999 V.
1055 2977 1088 2997 -ι-
1111 2957 1248 3003 noteritl'.

132 3021 173 3069 ⁹3.
193 3046 227 3057 -
246 3021 308 3066 dere
328 3023 412 3067 stultia
434 3024 486 3068 ΕΑ.
536 3021 578 3068 94.
599 3043 626 3056 ·-
645 3023 798 3066 committere
820 3024 874 3067 SM.
924 3020 966 3068 95.
986 3045 1018 3062 ι-
1038 3025 1103 3069 ratio
1124 3031 1250 3070 secretum

130 3092 188 3136 ΒΜ.
238 3092 276 3136 lb.
304 3115 337 3127 —
359 3095 447 3153 garrit
472 3093 530 3136 EM.
585 3088 627 3138 97.
647 3112 680 3124 -
698 3091 794 3136 vitiavit
816 3093 868 3136 VE.
920 3091 961 3139 98.
981 3113 1014 3125 -
1032 3093 1136 3138 Publice
1156 3095 1194 3147 etp
1216 3095 1246 3140 ll.

132 3158 190 3206 100.
211 3180 246 3193 -·
261 3159 353 3204 Deluis
370 3163 400 3206 u.
440 3161 475 3208 lb.
495 3180 528 3195 -·
545 3174 692 3217 componere
702 3176 730 3218 p.
750 3162 802 3205 ΒΑ.
851 3158 909 3206 102.
927 3160 1029 3222 Navim]
1049 3163 1124 3208 Tun.
1148 3175 1179 3208 =
1196 3162 1249 3209 No·

130 3244 183 3274 vem
201 3228 298 3275 RESM.
319 3231 355 3274 lb.
374 3251 405 3266 -
416 3232 454 3273 sic
463 3235 557 3287 puscet
570 3232 602 3274 V.
623 3231 659 3273 lb.
675 3251 705 3262 -
715 3244 764 3287 per
778 3237 884 3275 ornatos
896 3233 970 3276 divise
986 3231 1017 3276 Τ.
1030 3254 1059 3263 -
1067 3232 1206 3288 pedenntne
1217 3233 1247 3277 ll.

132 3296 190 3342 103.
210 3319 245 3331 -
262 3300 391 3342 exclamat
411 3299 509 3343 'lustu
530 3321 563 3332 ·-
581 3299 703 3342 exclamit
721 3301 754 3347 V.
791 3297 849 3347 tot.
869 3321 902 3332 -
920 3301 967 3345 viv.
987 3301 1051 3344 calle
1070 3303 1105 3346 M.
1146 3299 1203 3347 105.
1215 3322 1250 3335 -·

130 3368 240 3424 speciem
260 3367 401 3416 reriVEA.
439 3368 475 3412 lb.
496 3388 530 3404 a·
548 3367 681 3412 dinoscere
699 3368 796 3412 RESM.
834 3369 871 3413 lb.
891 3394 924 3403 —
942 3370 1018 3414 callis
1035 3371 1066 3413 R.

204 3526 246 3573 et.
266 3542 316 3572 non
333 3529 383 3572 eim
400 3529 461 3583 er.
516 3527 558 3574 87.
578 3526 632 3573 Hoc
654 3530 779 3588 reliquum
797 3530 915 3586 occipio:
945 3531 1001 3574 licet
1022 3527 1088 3574 tuot
1107 3536 1130 3573 et
1151 3535 1175 3573 nt
1192 3532 1247 3573 volo

131 3598 191 3642 tolle
207 3612 230 3641 r.
259 3621 292 3631 -
319 3595 372 3641 Hoc
392 3597 526 3656 (reliquum
547 3597 655 3656 accipio)
672 3599 746 3652 licet,
777 3605 804 3643 nt
823 3600 891 3653 colo,
916 3600 996 3643 ninere
1015 3599 1072 3643 tolle
1087 3612 1114 3653 p.
1136 3622 1157 3630 -
1180 3595 1249 3642 Haec

133 3667 231 3724 reliqna
249 3666 363 3722 accipio:
380 3666 454 3720 licet,
474 3675 501 3712 nt
517 3668 584 3721 volo,
605 3668 685 3711 vicere
706 3667 763 3711 tolle
782 3670 847 3712 wW.
893 3666 933 3713 90.
954 3667 1047 3712 noterit
1058 3667 1093 3712 ·P.
1113 3681 1168 3712 eum
1183 3665 1246 3712 C2d.

133 3736 208 3778 llavn.
248 3733 306 3780 102.
326 3733 419 3780 Novem
438 3736 526 3779 rwl’w.

203 3892 245 3938 88.
267 3891 384 3938 Vindicta
401 3896 468 3952 virga
490 3900 540 3948 est,
570 3910 615 3952 qua
633 3898 813 3945 manumittendi
833 3911 846 3940 a
875 3901 986 3950 praetore
1008 3898 1031 3940 in
1057 3896 1133 3951 capilo
1154 3897 1249 3951 pulsau-

133 3969 186 4007 tur:
207 3964 261 4006 ideo
279 3963 360 4015 dicta,
380 3965 442 4019 quod
460 3978 514 4008 eum
532 3965 635 4010 vindicat
654 3966 769 4010 libertati.
819 3963 860 4010 90.
881 3967 1004 4009 Masurius
1025 3969 1104 4009 autem
1121 3965 1159 4009 bic
1180 3967 1250 4011 Sabi-

133 4045 179 4077 nus
196 4033 256 4090 legis
273 4032 396 4076 consultus
414 4031 468 4076 fuit.
515 4031 640 4079 llerbricoe
666 4040 736 4080 vocet
754 4035 868 4088 minium,
902 4048 949 4091 quo
967 4034 1028 4078 titnli
1049 4034 1129 4094 legum
1150 4040 1248 4079 annota-

133 4102 230 4144 bantur.
276 4097 334 4146 100.
353 4096 425 4144 Certo
443 4108 601 4158 comparem
616 4103 720 4162 puncto]
740 4103 792 4148 Non
816 4104 846 4147 ad
867 4104 993 4158 trutinam,
1023 4105 1064 4148 sed
1085 4105 1114 4147 ad
1132 4109 1248 4149 stateram

133 4171 231 4223 retulit,
252 4184 312 4227 quae
331 4171 424 4224 punctis
442 4175 466 4214 et
483 4171 559 4215 nncils
578 4173 696 4230 signatur.
745 4169 804 4216 tot.
823 4169 939 4218 Frontem
954 4171 985 4218 de
1005 4171 1094 4232 rebec]
1119 4174 1249 4218 Pudorem.

134 4239 260 4294 Templum
278 4241 340 4284 enim
358 4239 458 4294 pudoris
477 4244 513 4282 est
530 4239 607 4288 frons.
