2782 4762
1148 167 1240 280 {aaa

107 329 175 397 Hic
197 339 299 392 tamen
323 338 354 392 et
377 326 528 393 Cimbros
551 337 583 413 et
605 346 725 392 summa
747 324 889 410 pericula
911 346 1020 427 rerum

108 431 244 514 Excipit
266 442 297 494 ct
319 431 408 495 solus
429 429 637 512 trepidantem
660 428 805 525 protegit
827 430 964 495 Urbem.
1170 425 1233 491 250

93 536 221 620 ‘Atque
244 532 316 598 ideo
339 544 507 616 postquam
531 535 569 594 ad
592 531 745 596 Cimbros
768 531 970 615 stragemque
994 506 1167 607 volabant,
1204 518 1208 530 ⁸

63 1194 68 1205 s

46 1225 97 1318 pff..

111 636 176 718 Qui
198 658 357 720 nunquam
380 633 550 718 attigerant
573 634 692 698 maiora
715 635 887 710 cadavera,
911 631 1024 709 corvi,

110 739 239 805 Nobilis
262 751 395 804 ornatur
417 738 510 802 lauro
532 737 659 820 collega
681 716 845 799 secundas

110 841 264 906 Plebeiae
286 840 461 904 Deciorum
485 838 623 913 animae,
647 837 774 921 plebeia
792 838 923 900 suerunt

110 943 268 1009 Nomina:
292 965 354 1024 pro
378 941 454 1006 totis
476 941 715 1045 legionibusddhi
737 951 840 1003 tamen
864 950 897 1002 et
918 960 979 1024 pro
1171 939 1233 1034 25?

112 1046 269 1112 Omnibus
292 1045 415 1108 arvxiliis
440 1052 543 1127 atque*
558 1043 643 1107 oanni
665 1020 893 1124 piliiLuina
1206 1034 1213 1044 ’

112 1147 277 1212 Sufficiunt
299 1148 358 1212 Dis
380 1147 513 1210 infernis
537 1149 723 1231 Terraeque
745 1142 893 1229 parentia
950 1202 955 1207 .

110 1249 220 1316 Pluris
243 1250 323 1313 enim
347 1249 462 1325 Decii,
487 1271 580 1334 quam
604 1271 685 1333 quac
708 1259 877 1312 servantur
898 1248 939 1311 ab
960 1245 1036 1312 illis.

112 1352 241 1418 Ancilla
265 1363 355 1414 natus
377 1353 519 1414 trabeam
544 1362 575 1414 et
597 1352 737 1413 diadema
760 1348 898 1432 Quirini,

112 1455 158 1520 Et
179 1455 282 1518 fasces
305 1454 439 1530 meruit,
463 1474 576 1538 regum
601 1453 726 1516 ultimus
747 1451 801 1515 ille
823 1454 1001 1516 bonorum.
1172 1453 1235 1541 269

111 1557 250 1623 Prodita
272 1559 423 1620 laxabant
445 1569 608 1639 portarum
632 1557 772 1618 claustra
794 1553 936 1634 tyrannis
977 1551 979 1555 ’
1158 1553 1163 1567 “
1211 1550 1216 1558 ’

111 1643 439 1724 Exsulibusiuvenes
462 1657 563 1740 ipsius
585 1657 724 1721 considis
747 1669 779 1720 et
801 1678 885 1739 quos

112 1762 270 1846 Magnum
294 1761 413 1846 aliquid
436 1762 529 1825 dubia
552 1782 614 1842 pro
637 1762 787 1825 libertate
810 1762 958 1836 deceret,

113 1863 210 1944 Quod
234 1863 399 1927 miraretur
421 1886 492 1926 cum
517 1862 643 1927 Coclite
666 1861 796 1925 Illucius
818 1871 951 1944 eisquae

112 1966 246 2048 Imperii
267 1967 368 2042 lines,
394 1966 601 2042 Tiberinum,
626 1965 722 2048 virgo
745 1929 805 2031 'ddi
823 1955 879 2026 vit'.

116 2069 253 2132 Occulta
275 2072 315 2131 ad
337 2071 453 2133 Patres
475 2068 585 2132 eduxit
608 2066 736 2130 crimina
760 2087 873 2130 servus

112 2170 276 2236 Matronis
298 2171 474 2254 lugendus:
499 2185 530 2232 at
552 2169 625 2234 illos
649 2172 784 2233 verbera
806 2167 895 2232 iustis

109 2272 270 2336 'Afficiuut
292 2272 406 2357 poenis
430 2285 461 2336 et
482 2273 588 2357 legum
612 2271 714 2354 prima
736 2272 871 2336 securis.

155 2376 250 2439 Malo
273 2386 365 2457 pater
386 2373 443 2437 tibi
465 2375 506 2436 sit
520 2375 718 2453 Thersites,
743 2377 915 2441 dummodo
940 2385 973 2439 tu
996 2373 1039 2439 sis

113 2475 276 2540 Aeacidae
289 2475 405 2540 ,similis
429 2475 653 2565 Volcaniaque
675 2499 761 2540 arma
784 2500 949 2560 capessas,
1172 2479 1236 2549 270

114 2580 219 2656 Quam
241 2590 272 2642 te
295 2579 461 2643 Thersitae
484 2579 615 2642 similem
639 2583 796 2663 producat
819 2580 978 2644 Achilles.
1191 2572 1224 2589 '‘

114 2681 159 2766 Et
179 2692 301 2758 tannen,
327 2693 361 2744 ut
384 2682 480 2767 louge
501 2693 630 2765 repetas
652 2684 813 2767 longeque
836 2684 988 2748 revolvas

113 2784 262 2860 Nomen,
286 2786 326 2848 ab
348 2782 456 2849 infami
479 2796 605 2870 gentem
628 2785 755 2849 deducis
778 2785 867 2866 asylo

106 3010 171 3056 terit
189 3011 302 3057 Cicero.”
348 3012 473 3059 Ridiculae
497 3017 553 3059 sunt
576 3015 690 3060 lectiones
721 3015 803 3061 schol.
832 3021 995 3062 memoratae:
1027 3022 1122 3071 mente,
1148 3023 1233 3076 ponte.

115 3077 175 3125 ait.
195 3079 237 3140 ae]
263 3081 402 3128 ARCDEG.
421 3089 446 3129 et
462 3085 491 3132 F.
509 3084 598 3144 Vulgo.
618 3083 716 3129 borne
734 3098 789 3141 opp.
810 3084 944 3130 Leucadiae
963 3088 1100 3142 peninsulae
1120 3085 1168 3133 ‘tto
1187 3093 1237 3132 sta.

114 3151 152 3195 dia
170 3151 274 3194 distabat
298 3153 328 3196 ab
358 3151 438 3198 Actio.
485 3151 545 3200 245.
565 3156 582 3199 i.
603 3168 626 3200 e.
646 3151 749 3201 Mariae.
766 3153 889 3212 Arpinum
908 3156 931 3198 in
956 3157 1052 3201 Volscis
1076 3159 1148 3200 situm
1171 3162 1234 3202 erat.

114 3215 176 3264 217.
197 3217 280 3279 vitem]
307 3222 350 3276 ,Δ
369 3223 507 3268 centurione
527 3224 659 3278 vapulando
686 3238 731 3268 suo
757 3225 848 3270 vertice
869 3225 947 3283 frangi
977 3226 1111 3282 patiebatur
1141 3227 1236 3270 Marius

113 3289 201 3343 vitem,
221 3302 293 3346 qaam
309 3291 451 3340 militabat.”
469 3294 550 3337 Schol.
576 3289 648 3338 253.
668 3294 698 3350 Q.
718 3292 828 3339 Lutatius
852 3293 961 3339 Catulus.
1000 3292 1060 3344 254.
1080 3309 1104 3339 v.
1124 3295 1177 3339 biv.
1199 3293 1235 3350 8,

108 3355 140 3403 ’9.
162 3354 204 3413 10,
224 3356 267 3402 28.
287 3359 339 3404 Cic.
359 3361 433 3406 Tosc.
457 3362 480 3416 l,
501 3359 543 3407 3⁷.
563 3362 617 3406 Fin.
639 3359 663 3416 2,
686 3361 728 3408 19.
748 3361 808 3409 256.
823 3361 899 3422 pods]
919 3364 1013 3411 ACFG.
1028 3363 1142 3421 -plcbe
1160 3364 1233 3408 BDE.

25 3449 30 3459 =
110 3423 173 3472 258.
193 3441 269 3487 qaam
285 3429 329 3488 qni
346 3443 392 3474 non
413 3433 475 3476 male
500 3432 635 3476 ABGDEF.
655 3453 693 3468 -
710 3444 773 3491 quae
790 3438 869 3477 tamen
887 3432 959 3478 babet
977 3433 1008 3478 G.
1026 3438 1051 3477 et
1067 3433 1178 3476 babuisse
1197 3435 1237 3477 vi-

112 3496 182 3540 netur
200 3498 283 3542 Srbol.
304 3499 411 3558 Sangall.
431 3501 463 3545 ita
480 3504 670 3557 interpretatos:
689 3503 766 3558 „Plus
786 3502 867 3547 meriti
886 3499 1148 3558 babentnr(babeot?)
1166 3502 1236 3546 Decii

112 3566 174 3621 apud
193 3567 270 3620 deos,
298 3569 356 3613 dnm
376 3569 400 3614 bi
427 3584 454 3615 se
482 3572 622 3626 pro-patria
643 3566 773 3626 voverunt,
805 3584 876 3628 qaam
899 3570 971 3615 babet
994 3573 1044 3626 ipsa
1068 3573 1146 3626 patria
1174 3573 1236 3626 apud

112 3635 172 3679 deos
190 3637 286 3690 meriti,
312 3651 371 3695 qnae
390 3645 486 3684 serrata
504 3641 566 3685 est.’¹
613 3638 662 3687 260
692 3643 789 3686 Servios
808 3641 903 3685 'Pullius
923 3640 1085 3693 e10crisia,
1117 3639 1236 3684 Cornicu-

111 3704 166 3748 lana
184 3707 291 3761 captiva,
311 3713 390 3753 natos.
427 3706 487 3753 266.
509 3707 655 3765 Vindicius,
675 3723 697 3755 a.
718 3708 817 3754 Vindex
835 3723 859 3754 v.
879 3709 932 3753 biv.
952 3707 987 3764 2,
1007 3707 1031 3754 5.
1069 3708 1107 3753 lb.
1136 3705 1236 3773 eduxit]

110 3772 196 3819 omnes
215 3780 307 3830 septem
326 3780 373 3822 mei
392 3792 445 3823 cum
464 3779 545 3822 irruitis
566 3780 640 3834 allia;
659 3781 730 3838 idque
748 3792 842 3824 verum
853 3779 974 3823 existimo.
999 3778 1116 3822 Similiter
1131 3777 1236 3824 eductae

109 3840 280 3888 adornantes
299 3860 338 3901 ap.
367 3848 420 3892 Cic.
447 3861 490 3902 pro
517 3848 618 3892 Plancio
637 3845 679 3893 23.
700 3853 838 3904 corruptum
855 3848 901 3892 fuit
924 3849 946 3890 iu
966 3845 1105 3901 adductus,
1132 3848 1196 3906 utb.
1217 3850 1235 3897 l.

110 3913 228 3958 editiones
250 3921 350 3971 occupat
372 3916 507 3973 prodrraeit.
533 3916 610 3962 Codd.
632 3915 656 3962 2.
676 3918 814 3970 conduxit,
844 3930 903 3960 nnus
925 3915 1043 3960 deduxit.
1096 3913 1156 3962 268.
1175 3917 1236 3980 Affi-

109 3981 181 4024 ciunt
206 3983 290 4043 legum
313 3986 402 4042 poenis
420 3991 444 4029 et
459 3987 544 4043 prima
562 3987 678 4048 εοσιιιζὶις
711 3985 819 4042 Rupes-tii
843 3986 948 4041 euspicio
967 3986 1094 4030 advnodum
1113 3988 1235 4046 languida.

109 4052 189 4107 ,Quia
214 4054 306 4107 primns
327 4056 410 4098 consul
437 4056 526 4100 Brutus
545 4066 643 4102 secures
664 4057 782 4112 accepit?
809 4056 891 4099 Sebol.
940 4055 986 4099 Est
1004 4057 1095 4114 igitur,
1122 4061 1147 4101 ot
1172 4062 1236 4100 rente

109 4119 196 4179 Piuug.
217 4122 357 4166 sententiam
376 4124 515 4177 declaravit,
530 4128 712 4171 construendum
725 4139 782 4178 ιιοιι,
802 4129 828 4168 nt
846 4137 891 4182 ego
906 4125 1033 4179 aliqnando
1045 4127 1108 4171 falso
1121 4127 1235 4178 feceram,

108 4191 210 4234 escuris
224 4192 312 4249 prima
329 4193 415 4252 legum
433 4194 450 4237 i.
471 4208 493 4239 e.
513 4207 606 4239 snrnura
622 4196 755 4248 severitas,
775 4195 917 4250 supplicium
936 4195 1040 4239 aeoliam
1059 4197 1180 4250 iruperaus
1198 4208 1236 4239 ce·

110 4262 220 4317 serasque
250 4262 331 4319 leges,
362 4267 481 4320 tamqnam
501 4265 592 4320 priene,
612 4278 656 4308 ano
676 4269 770 4309 terrore
789 4265 925 4322 sustinens;
950 4267 1009 4311 aed:
1025 4265 1112 4324 prima
1137 4263 1237 4309 securis
