2782 4762
177 819 204 860 in
223 818 298 861 altera
317 815 361 858 bac
379 812 424 857 Ed.
446 814 553 857 consului
573 813 751 856 exactissimum
771 811 934 868 apographum
947 812 1071 854 varietatis
1086 812 1246 869 antiquissimi

128 905 266 964 Fragmenti
286 902 437 957 Gottorpiani
457 903 539 945 collati
559 915 571 944 a
589 900 667 945 Gudio
687 901 716 944 ad
734 899 780 943 Ed.
800 899 955 957 iiapbcIengii
976 895 1071 956 1595.;
1092 901 1153 957 quod
1173 901 1248 945 debeo

128 995 215 1052 Silligii
243 995 274 1038 V.
293 992 322 1035 C.
342 991 499 1048 benignitati:
538 990 652 1034 Codicem
677 989 841 1032 Basileensem
871 987 1020 1031 chartaceum
1051 993 1248 1032 eomumnicstum

128 1096 222 1128 mecum
246 1096 260 1124 a
279 1079 408 1125 Gerlacbio
432 1071 504 1122 meo:
536 1079 699 1132 inaximopere
724 1078 778 1121 ideo
804 1076 1001 1130 inernorabilem,
1034 1077 1087 1133 quia
1107 1077 1248 1121 nitidissime

126 1176 195 1228 atque
214 1169 394 1214 accuratissime
414 1181 427 1208 a
446 1167 581 1221 Pomponio
600 1166 675 1210 Laeto
695 1166 717 1209 in
737 1179 834 1209 cancere
854 1166 1005 1219 conscriptus
1025 1169 1069 1209 esi.
1107 1162 1152 1209 ilie
1171 1169 1249 1208 autem

125 1260 162 1302 vir
181 1271 280 1316 mugnus
299 1261 369 1314 atque
388 1254 473 1298 infelix
491 1259 590 1310 propter
608 1255 702 1298 inanem
720 1253 894 1298 coniurationis
913 1253 1075 1308 suspicionem
1093 1266 1106 1295 a
1124 1253 1201 1296 Paulo
1215 1253 1247 1296 li.

126 1343 244 1390 Pontifice
263 1346 330 1388 Mas.
350 1345 374 1388 in
394 1345 487 1387 vincula
506 1344 627 1387 coniectus
640 1343 812 1398 tormentisque
827 1344 944 1385 incenatus
958 1346 994 1386 est
1007 1355 1068 1385 annio
1081 1354 1248 1385 arcnccnxrrn.

129 1435 208 1491 Quum
230 1439 309 1478 tamen
334 1434 384 1476 eius
409 1436 591 1488 ceterorumque
616 1431 738 1474 sociorum
756 1430 895 1475 Academiae
915 1430 1036 1475 Romanae
1056 1431 1191 1473 innocentia
1211 1431 1250 1473 de·

129 1527 263 1566 monstrata
285 1526 364 1575 esset,
397 1534 458 1564 anno
482 1521 530 1563 iam
558 1523 670 1576 sequente
693 1531 841 1563 niccccnxsx.
861 1531 946 1562 rursus
972 1523 1028 1563 sunt
1054 1518 1159 1563 liberati.
1197 1518 1251 1572 lpse

130 1611 279 1666 Pomponius
297 1611 321 1654 in
339 1607 385 1652 fine
405 1609 478 1662 libri,
508 1612 620 1665 quantum
639 1608 662 1651 in
683 1608 731 1651 iilis
750 1609 863 1651 adversae
882 1606 992 1650 fortunas
1011 1608 1124 1661 procellis
1143 1606 1253 1650 debuerit

129 1698 260 1754 Lucretio,
280 1697 442 1753 pulcherrimo
461 1697 506 1740 hoc
525 1697 698 1754 epigrammate
717 1700 818 1740 testatus
837 1699 888 1739 est:

304 1784 521 1841 Exscriptumboc
541 1798 600 1840 opus
620 1785 744 1838 esinatis,
765 1798 779 1826 o
799 1760 889 1837 iectur,
909 1783 1014 1839 iniquis:

341 1874 461 1928 Tempore
480 1887 581 1930 namque
600 1874 642 1916 iii-o
661 1886 758 1916 carcere
777 1872 869 1916 vincius
888 1884 969 1915 eraiu:

305 1961 421 2006 Praebuit
438 1961 484 2005 lieu
501 1963 572 2006 toties
592 1962 698 2006 solamen
717 1961 784 2005 dulce
803 1960 924 2014 tenebris,

344 2051 412 2093 Fecit
430 2054 454 2093 et
470 2049 591 2094 horrendo
610 2048 686 2092 libera
706 2050 779 2092 corda
796 2050 862 2107 iugo.

308 2138 345 2180 Tu
364 2139 432 2194 lege,
453 2137 493 2180 sed
513 2136 589 2190 iiber,
609 2136 698 2180 librum
709 2167 715 2190 ‚
737 2138 828 2192 captiua
846 2139 937 2180 notavit

344 2225 420 2281 Quem
438 2238 537 2278 ananus,
558 2229 583 2269 et
599 2238 643 2280 pro
661 2239 699 2269 me
718 2225 748 2267 da
765 2226 804 2280 pia
824 2225 893 2269 thura
911 2226 971 2269 lori.

206 2315 337 2358 Praeterea
361 2313 431 2356 habui
456 2314 596 2358 varietatem
615 2314 675 2359 Cod.
694 2313 849 2358 Ambrosiam
867 2313 967 2369 perboni
986 2313 1017 2358 E.
1040 2310 1097 2359 125.
1119 2320 1180 2370 part.
1201 2329 1254 2370 sup.

135 2404 188 2447 Sec.
210 2402 286 2454 XV.,
315 2405 355 2459 qui
381 2403 426 2445 fuit
450 2399 508 2446 oiim
532 2403 571 2446 Pii
589 2402 622 2450 ii.
642 2403 733 2446 Pontii.
754 2403 837 2456 iiiam,
867 2407 890 2447 et
908 2403 931 2446 in
951 2415 1020 2446 nsum
1044 2417 1123 2446 uncum
1147 2408 1256 2447 accurate

136 2491 236 2534 collatus
256 2500 293 2534 est
311 2492 339 2533 ad
359 2491 415 2534 edit.
430 2488 682 2536 Coriiinianam1151.
698 2490 728 2534 ab
747 2491 894 2545 Hieronymo
912 2492 1049 2547 Mencinio,
1069 2494 1101 2536 V.
1115 2491 1144 2536 C.
1159 2493 1257 2536 doctore

135 2578 312 2635 Ambrosian03
342 2580 456 2634 optimam
474 2579 604 2639 Forbigeri
623 2580 768 2634 editionem,
798 2580 911 2638 Pinzgeri
937 2594 1063 2625 censuram
1081 2580 1171 2636 prioris
1190 2593 1258 2624 meac

138 2667 249 2711 editionis
277 2671 323 2710 cet.
354 2689 382 2700 —-
413 2667 530 2712 Nolanum
559 2669 686 2723 explicatio
713 2668 772 2712 haec
803 2674 853 2713 est:
897 2669 928 2713 G.
965 2681 996 2712 =
1027 2669 1141 2723 Goiiorp.
1169 2669 1258 2728 fragm.

138 2755 167 2798 C.
190 2765 222 2798 =
244 2755 324 2799 Codex
338 2757 465 2811 Pomponii
484 2757 562 2802 Laeti.
599 2757 630 2800 E.
652 2767 683 2799 =
704 2757 886 2801 Aiiibrosinnus.
915 2757 976 2802 Erid.
997 2763 1054 2802 vett.
1076 2769 1108 2801 .“·.
1129 2759 1257 2812 iirixiana,

136 2845 298 2898 Veronensis,
320 2846 420 2890 Veneta.
457 2845 502 2890 Αν.
525 2856 556 2890 :.·
577 2845 695 2889 alannus
715 2860 769 2889 cum
787 2846 880 2890 assecla
898 2845 954 2890 Pio.
976 2845 1029 2904 (P.)
1065 2847 1095 2892 Α.
1119 2859 1150 2891 =
1171 2848 1257 2892 Aldina

138 2933 249 2976 secunda.
287 2933 316 2977 1.
339 2944 371 2976 =
391 2934 530 2980 Lambinus.
575 2934 626 2978 Gli.
649 2945 680 2977 =
702 2934 822 2978 Gifanius.
866 2935 896 2978 ii.
918 2946 949 2978 ,τ-
970 2936 1128 2992 Hares-camp.
1172 2937 1200 2980 B.
1224 2947 1256 2979 τ.

139 3020 271 3064 Bentleius.
315 3022 357 3064 W.
381 3033 412 3065 =
427 3020 576 3077 Wakefield,
596 3023 662 3066 cuius
676 3023 841 3078 coniecturas,
862 3038 920 3081 quas
933 3026 1040 3080 recipere
1053 3028 1103 3082 ipse
1123 3040 1194 3070 ausus
1214 3040 1259 3070 tion

140 3113 190 3161 cst,
213 3108 244 3165 (i
265 3109 359 3152 inclusi.
396 3110 466 3157 Eicb.
489 3120 521 3153 ,τ
541 3110 725 3155 Eicbslaedtius.
769 3113 796 3155 F.
820 3123 851 3155 =
873 3112 1032 3173 Forbigerus.
1214 3085 1216 3088 Ι
