2782 4762
377 874 565 947 norton
600 873 930 949 LECTORIBUS.

550 1054 753 1072 -··-—-—-·r-

157 1220 261 1299 Quum
281 1218 448 1299 Gymnasii
465 1217 688 1281 'l'uricensium
705 1217 854 1282 Carolini
874 1220 939 1281 boc
959 1216 1000 1284 sit
1021 1216 1214 1293 institutum,

90 1333 125 1382 ut
148 1320 180 1382 in
200 1321 298 1383 classe
317 1319 519 1403 philologica
539 1320 741 1406 eloquentiae
759 1321 930 1403 professor
951 1343 1009 1384 suo
1032 1342 1073 1385 ex
1092 1319 1213 1386 iudicio

89 1430 261 1508 poetarum
284 1425 477 1490 Latinorum
506 1426 558 1489 vel.
578 1425 672 1490 locos
693 1426 830 1489 selectos
851 1425 903 1489 vel
925 1424 1052 1510 integra
1075 1425 1215 1489 carmina

89 1541 249 1610 exponat,
286 1529 402 1614 quibus
428 1528 549 1592 scholis
581 1529 733 1592 interesse
762 1529 867 1592 solent
889 1550 907 1591 e
928 1527 1063 1613 reliquis
1085 1551 1215 1614 quoque

89 1631 244 1693 classibus
273 1632 438 1694 auditores
469 1632 660 1707 voluntarii,
698 1644 775 1715 post
798 1629 952 1696 Ovidium
972 1630 1213 1716 Virgiliumque

88 1734 123 1796 in
146 1732 300 1818 Collegio
323 1733 528 1797 humanitatis
551 1734 679 1797 domive
701 1735 879 1817 perlectos,
906 1733 954 1797 uti
975 1735 1119 1817 postulat
1140 1756 1213 1796 usus

89 1849 120 1900 et
144 1837 249 1913 ratio,
273 1841 313 1899 ad
328 1837 501 1901 Horatium
522 1837 701 1912 accessuri,
726 1835 802 1899 satis
827 1836 960 1920 cognito
984 1840 1050 1901 hoc
1072 1836 1213 1900 omnium

88 1939 235 2022 principe
259 1939 402 2023 optabile
425 1961 499 2003 sane
519 1950 604 2015 erat,
628 1950 662 2000 ut
682 1937 832 2020 deinceps
852 1942 892 2001 ad
912 1949 1094 2002 ceterorum
1116 1937 1214 2001 etiam

89 2041 259 2106 lectionem
281 2041 445 2124 paullatim
463 2047 730 2124 perducerentur.
776 2041 907 2106 Etenim
921 2041 969 2105 illi
985 2063 1132 2127 quoque,
1157 2041 1213 2126 qui

87 2147 201 2207 harum
222 2146 387 2208 literarum
410 2144 550 2230 ingenuo
574 2168 683 2210 amore
708 2146 794 2228 eapti
816 2157 943 2209 strenue
963 2167 1000 2208 ac
1025 2156 1138 2227 sponte
1157 2166 1214 2206 sua

88 2246 128 2309 iis
150 2270 282 2330 operam
305 2251 381 2310 dare
404 2261 558 2332 pergunt,
582 2248 677 2313 novis
696 2247 848 2325 subinde,
874 2270 912 2311 ne
929 2259 1030 2312 cesset
1047 2247 1210 2322 voluutas,

85 2350 247 2414 illecebris
268 2350 427 2415 retinendi
451 2350 611 2415 videntur.
657 2355 785 2416 Horum
808 2350 910 2436 igitur
929 2349 1109 2415 commodis
1131 2372 1211 2432 pro-

83 2453 221 2535 spiciens
251 2453 394 2517 libellum
417 2453 617 2519 auditoribus
640 2456 718 2519 meis
741 2457 928 2517 tradendum
955 2452 1079 2528 censui,
1116 2452 1205 2515 euius

86 2557 206 2641 exiguo
242 2557 402 2621 volumine
443 2561 792 2641 comprehenderentur
828 2556 1021 2620 Latinorum
1057 2562 1208 2638 poe'mata

87 2658 322 2743 elegantissima
334 2683 478 2746 quaeque
491 2674 521 2725 et
531 2661 680 2744 publicae
693 2659 953 2744 interpretationi
964 2682 1058 2744 quam
1071 2659 1207 2721 maxime

87 2773 173 2843 apta.
221 2764 285 2826 Sed
307 2762 341 2825 id
363 2787 493 2850 quoque
511 2768 716 2849 spectandum
733 2776 818 2841 erat,
842 2775 875 2825 ut
891 2784 971 2845 quae
988 2760 1207 2843 collegissem,

86 2864 226 2947 speciem
246 2869 402 2951 quandam
424 2867 592 2932 universae
613 2880 742 2950 praeter
761 2865 919 2930 scenicam
943 2866 1026 2947 apud
1042 2866 1209 2928 Romanos

86 2973 226 3049 poc'seos
248 2968 439 3033 exhiberent
462 2983 493 3034 et
517 2975 557 3034 ad
578 2971 704 3057 reliqua
726 2970 866 3034 eiusdem
894 2978 1095 3031 monumenta
1119 2978 1208 3029 recte

85 3069 291 3155 intelligenda
322 3070 405 3135 viam
432 3077 572 3158 quodam
604 3077 702 3139 modo
732 3075 890 3139 munirent
911 3078 1069 3139 bonarum
1092 3071 1208 3133 artium

86 3172 249 3236 studiosis.
294 3178 419 3238 Verum
440 3198 511 3241 meo
534 3199 596 3260 pro
621 3177 757 3243 consilio
780 3179 889 3261 paullo
914 3178 1023 3252 aliter,
1058 3198 1151 3260 quam
1174 3174 1207 3235 in

86 3275 306 3340 huiuscemodi
325 3278 538 3364 Anthologiis
559 3282 631 3345 fieri
651 3304 745 3364 saepe
768 3282 929 3357 videmus,
955 3290 1097 3343 versatus
1118 3301 1204 3351 sum;

85 3377 112 3439 si
133 3377 261 3462 quidem
283 3379 475 3445 lectionibus
496 3382 574 3465 ipsis
598 3385 759 3448 reservari
782 3387 956 3459 debebant,
994 3403 1074 3467 quae
1096 3381 1147 3443 vel
1168 3385 1207 3442 ad

84 3481 325 3564 grammaticam
355 3483 653 3567 interpretationem
683 3489 735 3552 vel
765 3492 805 3551 ad
833 3492 1005 3571 poetarum
1029 3497 1128 3548 artem
1151 3488 1206 3546 dc-

83 3588 321 3648 monstrandam
353 3587 488 3670 proprie
517 3590 733 3672 pertinerent;
770 3605 835 3655 tum
865 3590 1048 3677 significare
1077 3586 1205 3671 potius,

83 3709 178 3771 quam
200 3690 369 3753 enucleare
401 3705 645 3757 consentaneum
668 3706 738 3758 erat
763 3718 815 3759 res
842 3692 1081 3778 mythologicas
1110 3702 1205 3776 atque

82 3787 272 3868 historicas,
296 3802 347 3868 ut,
371 3817 467 3878 quum
491 3797 674 3861 accuratior
695 3821 801 3861 earum
825 3795 987 3881 expositio
1010 3818 1028 3858 a
1047 3793 1205 3877 magistro

80 3904 163 3954 esset
184 3898 372 3976 repetenda,
410 3899 581 3964 memoriae
611 3912 716 3964 tamen
746 3902 944 3986 aliquatenus
965 3898 1204 3961 subveniretur.

81 3995 147 4059 Ubi
170 4019 250 4061 vero
277 3999 386 4080 plures
409 3999 499 4064 unius
523 4003 589 4067 loci
609 4005 891 4087 iuterpretat10nes
915 4013 1093 4076 exstarent,
1116 4022 1202 4075 eam,

80 4121 160 4181 quac
182 4098 292 4162 verior
314 4102 392 4164 mibi
416 4102 485 4166 visa
509 4119 607 4183 esset,
632 4119 684 4170 aut
707 4111 746 4170 ab
769 4107 839 4170 aliis
859 4118 1018 4190 repertam
1042 4117 1095 4166 aut
1118 4116 1203 4164 a‘me

77 4200 152 4282 ipso
176 4201 393 4285 excogitatam
413 4205 556 4273 indicare
579 4234 655 4274 raro
672 4211 815 4296 neglexi,
840 4232 879 4275 ne
898 4209 990 4274 nimis
1009 4209 1203 4272 fluctuarent

122 4303 212 4356 Eelogae
228 4305 283 4344 Puer.
298 4306 340 4347 tar.
929 4321 945 4380 1
1029 4292 1032 4297 Ι
