2782 4762
135 184 198 248 3311

131 347 186 408 καὶ
210 335 360 431 στρώσας
383 335 401 407 ό
423 342 525 432 γέρων
549 337 586 407 τό
610 336 783 431 τριβώνιον
809 336 902 426 έγγῖις
924 340 1061 423 ἐκείνου,

192 446 252 512 τοῦ
273 443 376 510 πολὺν
397 445 431 509 έκ
457 445 609 530 ποταμοῦ
631 440 756 532 χρυσόν
783 439 1041 534 όφυσσαμένον,

130 536 232 614 εἶπεν·
254 548 324 620 έιιοὶ
348 551 404 612 καὶ
426 547 484 613 νῦν
504 548 620 613 πλείων
642 541 760 624 τόπος·
782 538 868 613 όσσα
890 544 955 637 γὰρ
981 538 1084 635 εἶχον,
1148 576 1154 581 ·

192 644 300 716 πάντα
323 652 412 743 φέρω
438 646 499 716 σὺν
524 650 612 736 ἐμοί,
633 652 776 738 Κροῖσε,
798 646 838 717 οὐ
860 644 892 717 δ’
917 638 1013 718 οόδέν
1034 651 1125 738 ἔχεις.

363 791 414 857 93.
442 789 824 857 ΑΝΤΙΠΑΤΡΟΥ
853 790 1016 858 ΘΕΣΣ.
1101 816 1105 824 ’

133 886 213 979 Οὐχὶ
233 887 485 978 βαθυστόλμων
500 886 677 981 Ἱππαρχία
698 892 778 982 ἔργα
800 893 979 977 γυναικῶν,

194 995 259 1061 τῶν
281 997 316 1062 δὲ
339 996 456 1062 Κυνῶν
479 989 601 1082 έλόμαν
623 994 794 1083 ῥωμαλέον
812 996 941 1080 βίοτον·

129 1092 208 1164 οὐδέ
226 1122 285 1184 μοι
308 1091 489 1185 ἄμπεχόναι
511 1092 733 1188 περονητιδες,
757 1093 795 1164 οὐ
816 1093 1040 1188 βαθόπελμος

194 1194 344 1286 εὐμαρές,
366 1196 405 1265 οὐ
427 1196 550 1267 λιπόων
571 1196 667 1266 εόαδε
689 1195 911 1292 κεκρόςοαλος·

128 1299 242 1380 θνλόις
265 1304 301 1369 δὲ
324 1297 469 1384 σκήπωνι
488 1305 708 1391 συνέμπορος,
731 1294 754 1368 δι’
777 1327 809 1370 τε
832 1300 978 1395 συνῳδός

192 1405 325 1486 δίπλαξ,
348 1410 404 1471 καῖ
429 1405 543 1482 κοίτας
563 1404 676 1490 βλημα
695 1408 920 1492 χαμιιιλεχέος.

128 1503 214 1595 ι’ίμμι
234 1511 269 1575 δὲ
292 1507 485 1586 Μαιναλῖας
510 1502 639 1598 κάρρων
662 1507 736 1591 βίος
758 1492 797 1589 ἦν
814 1502 1024 1588 Ἀταλοίντας

192 1605 331 1691 τόσσον,
353 1601 433 1677 ὅσον
455 1610 558 1703 σοιγίη
580 1612 718 1696 κρέσσον
740 1602 954 1699 όρειδρομίης.

459 1751 510 1818 94.
533 1750 872 1818 ΑΝΤΙΠΑΤΡΟ
887 1752 922 1818 Υ.

131 1849 243 1936 Αιόίζει
266 1850 354 1945 πήρη
377 1879 411 1920 τε
436 1858 491 1920 καὶ
514 1847 725 1947 Ἡράκλειον,
741 1849 879 1942 όίριστον

191 1954 300 2047 βριθὺ
325 1959 516 2024 Σινωπίτοο
543 1959 713 2041 Διογένεος
736 1950 900 2042 ῥόπαλον,

128 2064 184 2127 καὶ
209 2057 247 2126 τό
266 2055 372 2148 -χόδην
390 2055 543 2151 ῥοπόεντι
564 2059 644 2151 πίνῳ
666 2060 918 2144 πεπαλαγμένον
939 2057 1046 2137 ἔσθος

192 2158 384 2244 διπλόδιον,
406 2163 548 2252 κρυερόν
572 2156 755 2228 ἀντίπαλον·
777 2160 941 2252 νιιγοίδων,

36 2286 42 2292 “
130 2256 203 2333 όττι
226 2270 309 2344 τεοῖς
329 2260 448 2352 ι’όμσισι
474 2264 656 2349 μιαίνεται·
678 2249 698 2345 ἦ
721 2258 786 2349 γὰρ
809 2257 827 2329 ό
848 2266 908 2350 μέν
928 2288 993 2332 που

193 2363 363 2458 σόριίνιος,
387 2365 428 2435 σὺ
451 2363 485 2434 δ’
510 2367 592 2458 ἕιμος
612 2361 671 2433 σόν
691 2367 846 2459 σποδιῇσι
870 2362 965 2442 κείων,

128 2465 215 2537 ἄλλό
235 2474 357 2559 μέθες,
377 2473 484 2558 μέθες
510 2462 596 2536 όπλα
621 2464 664 2534 τόι
688 2465 733 2554 μὴ
756 2473 860 2536 σέθεν
881 2465 964 2538 ἄλλο
990 2465 1144 2553 λεόντοιν,

191 2569 273 2641 ἄλλο
295 2573 465 2660 γενειητῶν
484 2572 580 2659 ἔργον
600 2568 703 2661 ὄρωρε
729 2567 869 2661 τράγων.

458 2713 512 2779 95.
535 2712 876 2780 ΠΤΟΛΕΜΑΙΟ
890 2714 925 2781 Y.

132 2807 205 2886 οἶδ’
230 2808 281 2884 ὅτι
303 2813 436 2896 θνατὸς
455 2811 516 2902 ἐγὼ
541 2820 597 2882 καὶ
625 2811 805 2905 έιμόμιρος·
828 2812 904 2883 ἀλλ’
929 2809 1011 2885 όταν
1034 2813 1167 2911 ἄστρων

190 2916 343 3008 μαστεόω
364 2916 502 2997 πυκινὰς
522 2913 757 3010 όιμφιδρόμοος
777 2922 902 3001 ἕλικας,

128 3019 237 3091 οὐκέτ’
263 3018 417 3116 ἐπιψαόω
438 3021 535 3109 γαίης
555 3022 668 3101 ποσίν,
691 3015 778 3087 σἰλλόι
797 3015 874 3110 παρ’
897 3016 988 3116 αὐτῷ

191 3130 274 3194 Ζανὶ
296 3127 504 3220 θεοτροφίης
526 3125 716 3212 πίμπλαμοιι
741 3119 935 3213 ἀμβροσίης.

468 3267 520 3336 96.
541 3263 861 3334 ΚΡΙΝΑΓΟΡΟ
875 3269 909 3335 Υ.

297 3366 345 3451 είς
369 3364 480 3438 εἰκόνα
502 3364 726 3461 Πραξαγόρου
749 3370 876 3459 ἰατροῦ.

122 3466 237 3553 Αότός
255 3498 311 3542 σοι
339 3476 481 3560 Φοίβοιο
503 3469 580 3551 πάις
605 3474 794 3554 λαθικηδέα
815 3474 927 3559 τέχνης

192 3571 387 3664 ῖδμοσόνην,
407 3572 537 3672 πανοίκη
556 3580 654 3667 χεῖρα
674 3569 908 3661 λιπηνόμενος,
1015 3627 1018 3631 .

128 3672 346 3773 Πρηξαγόρη,
369 3683 516 3767 στέρνοις
537 3675 732 3765 ε’νεμιίξατο·
756 3673 873 3768 τοιγὰρ
898 3672 989 3744 ἇνίαι

177 3781 348 3873 όρνονται
370 3784 507 3871 δολιχόν
530 3776 676 3848 όππόσαι
702 3781 736 3847 έκ
760 3781 922 3870 πυρετῶν,

129 3891 185 3954 καὶ
207 3882 316 3954 ὁπόσα
339 3889 527 3973 τμηθέντος
547 3887 598 3951 ἐπὶ
616 3880 717 3973 χροὸς
739 3879 840 3970 ι’ίρκια
861 3887 974 3949 θεῖναι

193 3985 377 4077 φάρμακα,
400 3989 533 4077 πρηείης
555 3976 664 4053 οἶσθα
690 3982 771 4078 παρ’
800 3980 974 4067 Ἠπιόνης.

129 4095 307 4172 θνητοῖσιν
329 4086 362 4157 δ’
390 4089 421 4157 εἰ
440 4096 524 4157 τοῖοι
548 4085 701 4179 έπηρκεον
724 4085 867 4179 ιἠτηρες,

193 4190 252 4261 οὐκ
275 4191 316 4262 όίν
337 4188 562 4283 ἐπορθμεόθη
583 4188 784 4281 νεκροβαρὴς
806 4189 938 4270 ἄκατος.

1238 553 1259 616 5
