2782 4762
349 370 394 434 Ut
415 367 520 432 iibens
543 366 655 452 dignas
677 367 823 433 habitare
845 357 937 432 series

350 470 461 536 Cerno
484 470 669 535 sirblimemi
697 473 859 535 Nebulosa
884 472 1029 556 quaruvis

351 575 435 637 Saxa
459 573 687 657 praecingant,
714 594 804 638 amor
827 575 891 659 egit
914 577 1014 639 altum

432 674 549 739 Visere
573 686 729 749 montem3

349 813 412 880 Cui
436 815 647 898 Therapueae
671 826 808 877 metuant
832 815 987 896 Amyclae

349 920 459 1002 Terga
482 917 623 982 conferri
645 917 818 1001 viridisque
841 916 1008 997 Cynthus,

353 1021 509 1104 Quaeque
531 1021 673 1084 famosos
695 1019 812 1104 agitata
834 1031 970 1104 pascunt

437 1120 588 1187 Maenala
609 1142 739 1186 corvos.

348 1261 514 1327 Verlioem
536 1283 656 1343 supra,
681 1262 866 1348 mediusque
890 1263 1014 1328 caelum

346 1366 438 1429 Inter
460 1375 492 1427 et
514 1376 617 1428 terras
640 1364 773 1428 humiles
795 1365 899 1451 iacere

347 1467 439 1532 Arva
462 1469 614 1548 despecto
638 1467 764 1550 penitus
785 1479 928 1546 remota,

433 1569 611 1634 Proximus
634 1568 740 1634 astris.

348 1710 413 1773 Hie
435 1729 559 1774 moror.
604 1709 678 1772 Vos
701 1729 721 1773 o
743 1708 843 1785 socii,
867 1709 970 1774 redite

348 1811 474 1876 Indices
496 1811 580 1876 voti.
625 1812 695 1874 stat
716 1812 746 1873 in
770 1813 833 1876 hoe
854 1833 982 1875 recessu

348 1913 485 1978 Emori:
509 1936 580 1976 nam
603 1934 667 1997 quo
691 1914 813 1978 tumulo
835 1935 989 1998 reponam

430 2016 570 2102 Dignius
593 2014 694 2081 ossa?

350 2155 457 2238 Spirat
479 2176 519 2220 ex
542 2155 638 2218 antris
661 2154 762 2238 pietas
784 2165 820 2218 et
840 2157 961 2219 horror

349 2257 507 2324 Conscius
529 2259 710 2340 Nymphae.
754 2259 866 2321 Locus
890 2257 957 2341 ipse
981 2269 1107 2343 gratum

358 2362 476 2426 Terret
497 2381 535 2423 ae
556 2362 688 2439 mulcet,
713 2360 892 2445 Superique
913 2382 973 2443 per
992 2382 1086 2446 prae-

432 2461 542 2526 cordia
564 2462 638 2527 iusi.

348 2600 424 2667 Sive
446 2601 608 2666 nimbosas
630 2602 733 2685 quatit
753 2603 878 2667 Auster
899 2603 982 2682 alas,

349 2705 424 2770 Sive
447 2704 584 2769 brumali
605 2706 730 2768 Boreas
752 2704 890 2768 minatur

349 2807 531 2894 Ninguidus
553 2828 674 2882 cornu,
698 2806 822 2872 Niveae
844 2819 984 2873 tenemus

435 2908 583 2995 Virginis
603 2910 721 2973 aulam.

347 3049 435 3114 Hine
456 3061 491 3114 ut
512 3049 651 3119 avellar!
673 3046 764 3131 prius
786 3047 847 3112 ima
868 3049 948 3114 valli

347 3151 473 3224 Incidet
493 3138 592 3234 rupes
613 3151 811 3234 pedibusque
835 3154 965 3216 dorsum

347 3258 393 3322 Et
416 3266 511 3340 eaput
532 3254 661 3338 iunget;
685 3253 774 3337 prius
797 3253 865 3338 ipse
887 3254 1011 3320 fontem

432 3359 571 3424 Deseret
595 3357 718 3423 Ocnus.

355 3501 385 3567 0
409 3499 513 3582 Quies
536 3518 662 3580 semper
683 3499 888 3561 memoranda
909 3517 1049 3578 amesa,

351 3604 382 3669 Ο
407 3615 494 3666 lirum
516 3621 595 3665 vere
617 3597 768 3662 meritura
791 3620 926 3665 nomena

347 3710 399 3775 Da
420 3705 485 3772 frui
504 3703 599 3770 fessis
622 3701 790 3787 aliquando
813 3721 892 3768 vera

433 3808 521 3874 Silva
543 3806 664 3894 quiete.
766 3888 767 3891 Ἴ

250 4009 294 4062 30.
312 4037 345 4050 -
357 4008 460 4060 ineidat
477 4007 523 4060 Or.
542 4012 709 4066 err.·1ypogr.

647 4196 850 4214 ——n
