2782 4762
67 331 197 399 Nobilis
219 329 272 395 ille
292 339 397 394 tamen
417 327 578 412 populus,
601 347 697 412 quem
719 323 934 405 diximnmt
955 344 1015 409 par

67 437 201 500 Virtute
224 445 320 519 atque
341 433 426 510 lide,
450 433 507 495 sed
528 429 631 495 maior
652 430 743 499 clade
764 429 944 513 Saguntus,

70 540 150 603 Tale
173 536 249 622 quid
270 546 414 599 exornat.
458 531 627 597 Maeotide
649 530 779 596 saevior
800 553 856 594 ara

70 641 260 724 Aegyptus:
285 637 414 723 quiippe
428 635 483 699 illa
505 632 635 699 nefandi
658 632 798 696 Taurica
820 630 905 697 sacri

68 741 238 806 Invenirix
261 739 427 816 homines,
450 748 485 800 ut
506 735 584 813 iam,
609 734 852 819 quaecamnina
874 736 1021 812 tradunt,

69 843 179 928 Digna
201 843 263 906 nde
285 843 416 916 eredas,
439 849 562 902 tantum
582 836 752 912 immolat,
770 835 903 899 ulterius
925 835 971 899 nil

71 947 141 1011 Aut
163 943 294 1031 gravius
316 943 422 1006 cultro
445 941 536 1004 timet
556 937 677 1005 boetia.
721 939 803 1021 Quis
826 941 923 1003 modo
946 958 1046 1000 casus
1096 986 1125 1001 .,

70 1048 204 1130 Impulit
225 1045 311 1110 hos?
333 1065 414 1128 quae
436 1053 522 1107 tanta
542 1041 644 1111 fames
663 1041 842 1127 infestaque
866 1041 954 1105 vallo
973 1102 976 1107 .

70 1155 172 1217 Arma
195 1152 377 1233 co'e‘gerunt
397 1158 461 1209 tam
484 1145 672 1209 detestabile
695 1157 871 1209 monstrum

70 1251 230 1335 Augere‘?
254 1253 348 1315 Anne
371 1247 481 1325 aliam,
505 1258 592 1311 terra
616 1246 828 1329 Memphitide
850 1244 953 1324 sicca,

70 1356 228 1421 Invidiam
249 1354 395 1419 iacerent
416 1350 539 1417 nolenti
560 1373 698 1436 surgere
721 1348 824 1417 Nilo?
851 1402 857 1410 a.
921 1401 924 1407 .

71 1459 144 1540 Qua
166 1479 226 1521 uec
248 1454 408 1545 terribiles
431 1453 558 1520 Cimbri
579 1475 640 1518 neo
661 1453 813 1517 Britones
834 1474 972 1538 unquam

75 1561 350 1643 Sauromataeque
363 1569 479 1622 truces
502 1568 556 1620 aut
577 1556 728 1619 immanes
750 1555 962 1639 Agathyrsi,.
1018 1587 1023 1594 ·

70 1664 144 1726 Hae
166 1659 269 1724 saevit
291 1659 383 1723 rabie.
401 1658 528 1723 imbelle
550 1669 582 1722 et
603 1657 716 1721 inutile
737 1658 874 1740 volgus,

70 1764 215 1829 Parvula
237 1762 387 1826 fictilibus
409 1761 538 1827 solitum
560 1763 635 1824 dare
657 1759 730 1822 vela
751 1758 892 1841 phaselis

69 1867 115 1932 Et
136 1864 417 1946 brevibuspictae
439 1862 541 1926 remis.
556 1861 743 1934 incumbere
765 1872 879 1925 testae.

70 1969 143 2033 Nee
164 1987 301 2048 poenam
323 1964 439 2038 sceleri
459 1964 601 2038 invenies
624 1985 683 2027 nec
704 1963 800 2047 digna
822 1962 953 2044 parabis¹

72 2069 236 2152 Supplicia
258 2067 308 2132 bis
330 2066 478 2151 populis,
503 2066 537 2131 iu
559 2088 696 2157 quorum
720 2077 825 2128 niente
839 2086 940 2147 pares
961 2075 1035 2129 sunt
1080 2102 1084 2109 ·

73 2173 118 2237 Et
139 2171 256 2234 similes
278 2171 325 2234 ira
348 2182 444 2255 atque
465 2168 580 2233 fames.
616 2168 820 2248 Mollissima
842 2171 941 2232 c‘orda

70 2275 223 2338 Humano
245 2271 360 2357 generi
379 2275 455 2335 dare
477 2273 658 2351 se..Natura
680 2271 819 2348 fatetur,

72 2375 165 2454 Quae
185 2373 330 2438 lacrimas
353 2374 459 2438 dedit:
484 2376 562 2436 baec
584 2372 689 2438 nostri
709 2393 785 2456 pars
807 2370 927 2456 optima
947 2394 1073 2441 sensum.

70 2478 210 2542 Plorare
233 2498 314 2561 ergo
335 2476 424 2554 iubet
445 2496 570 2540 eausam
593 2475 725 2540 dicentis
747 2473 841 2539 amici

74 2579 329 2663 Squaloremque
351 2577 417 2657 rei,
441 2578 597 2660 pupillum
618 2581 659 2641 ad
678 2577 750 2640 iura
773 2588 940 2642 vocantem
1050 2630 1054 2636 .
1133 2579 1194 2644 135

71 2680 417 2764 circumscriptorem,
440 2680 529 2745 cuius
551 2679 809 2744 manantiafletn

70 2882 166 2938 mincs3
186 2881 241 2938 quia
260 2882 283 2925 id
303 2881 392 2925 nomini
410 2881 469 2926 sitio
487 2884 597 2944 vertunt,
617 2881 642 2926 in
661 2881 736 2936 illos,
755 2882 898 2928 necessitate
915 2883 1066 2929 adextratur
1085 2887 1193 2941 coactos,

69 2952 238 2996 urisericordia
255 2948 418 2995 afficiuntur.”
454 2946 513 2994 12d.
531 2948 649 2994 Bistones
666 2951 698 2996 D.
713 2973 744 2984 -
759 2948 884 2996 Teutonea
906 2953 997 3007 patriae
1015 2967 1099 2998 eruore
1118 2956 1195 2998 auda.

70 3022 124 3064 cior
152 3021 229 3064 factus
256 3019 394 3064 Markland.-
421 3016 479 3064 125.
504 3017 649 3079 Agathyrsi
667 3019 776 3075 Scythica
797 3033 856 3079 gens
876 3022 900 3065 in
917 3023 1036 3067 sannatia
1055 3023 1194 3082 Europaeis.¹

72 3086 132 3133 126.
153 3089 216 3132 Nota
233 3088 322 3133 hiatum
340 3088 411 3132 rabie
429 3087 537 3134 imbelle.
559 3085 616 3134 134.
628 3102 732 3134 cnuanrn
742 3087 862 3150 dicentia]
873 3091 913 3135 Sic
925 3092 997 3136 ABG.
1011 3092 1085 3150 (bica
1096 3106 1134 3148 pr.
1147 3092 1195 3148 m.)

69 3158 146 3202 DEG.
194 3159 274 3216 Vulgo
293 3163 348 3204 ente
367 3158 429 3213 Rup.
449 3157 523 3203 Web.
544 3151 680 3204 Construe:
705 3160 864 3216 „squalorem
889 3161 960 3205 amici
979 3174 1075 3206 caueam
1093 3163 1194 3207 dicentis

71 3232 95 3272 et
115 3226 178 3272 rei”
200 3226 315 3282 liberius,
341 3233 366 3272 ut
384 3226 410 3271 tit
434 3228 495 3283 apud
516 3230 619 3283 poetas,
639 3225 784 3284 transpositi
808 3225 912 3285 copul&
939 3230 1016 3288 Quam
1034 3233 1207 3290 constructio-1

70 3311 124 3342 nem
144 3310 216 3354 quum
242 3298 322 3342 minua
347 3298 478 3347 enodarent
494 3302 565 3355 atque
584 3299 681 3342 omnino
699 3297 830 3345 iorrunlan
851 3312 957 3344 canaam
975 3298 1060 3344 dicere
1079 3301 1140 3345 haud
1158 3303 1195 3347 in·

69 3368 225 3424 tunger-ent,
254 3366 364 3419 fuerunt,
386 3368 424 3423 qui
444 3367 592 3413 scriberent:
617 3379 723 3411 canaam
741 3367 855 3428 lugentia
872 3367 920 3427 (sia
939 3370 992 3414 soil.
1012 3370 1041 3414 F.
1062 3369 1091 3414 C.
1108 3385 1123 3414 n
1142 3383 1192 3416 see.

68 3433 116 3490 m.)
134 3436 151 3480 i.
172 3450 194 3480 e.
215 3447 244 3479 ex
268 3435 359 3479 mediae
382 3436 467 3479 aetatis
494 3435 623 3480 Latinitate
642 3437 715 3493 (quae
742 3449 816 3492 saepe
839 3437 863 3481 in
883 3439 1028 3494 explicandis
1050 3441 1195 3492 corruptelis

69 3518 98 3548 ac
118 3505 260 3558 praesertim
279 3504 504 3558 interpolationibus
521 3506 551 3549 ad
568 3511 648 3560 partes
668 3506 773 3568 voranda
796 3504 861 3562 est·)
885 3508 935 3561 „ln
952 3520 1028 3562 coac,
1060 3507 1087 3551 la
1104 3505 1194 3570 edoce,

68 3574 231 3618 conditionem
248 3573 350 3630 lugentis
368 3568 470 3619 nruic‘i.’'
514 3575 566 3618 lloe
584 3567 664 3632 quum,
675 3586 760 3631 perum
782 3575 915 3620 reele'dici
935 3577 1044 3622 riderent
1054 3608 1061 3631 ,
1081 3590 1195 3622 correxe-

67 3646 144 3686 runt:
164 3654 251 3685 earum
269 3641 382 3701 lugentia
400 3643 494 3697 amici,
514 3648 564 3689 ete
585 3647 698 3701 quattuor
716 3642 943 3700 canendnum.
981 3646 1028 3690 Sed
1041 3646 1086 3689 boc
1107 3651 1132 3690 et
1151 3660 1195 3702 per

68 3724 100 3755 se
124 3712 194 3754 nimis
219 3708 352 3765 infinitum,
384 3716 408 3756 et
434 3712 466 3756 de'
490 3713 677 3767 misericordia,
706 3726 776 3770 quarn
801 3714 878 3758 luctus
906 3728 934 3759 ac
959 3715 1045 3760 funera
1069 3716 1195 3771 excitent,

68 3793 152 3824 sermo
178 3783 215 3824 est
235 3781 331 3823 demum
348 3792 372 3823 v.
393 3776 452 3829 138.
501 3782 555 3827 utta
580 3782 675 3826 ratione
693 3783 773 3826 locum
791 3796 955 3838 ¹eorrumpere
977 3783 1074 3828 nolebat
1094 3785 1193 3832 witot.

68 3849 131 3892 Sile.
157 3849 211 3891 crit.
238 3844 263 3892 2.
287 3861 313 3903 p.
340 3845 398 3894 tut.
419 3850 452 3893 ile
470 3851 544 3895 rerba
562 3852 760 3906 transponendo:
791 3848 1043 3910 circumscriptorem
1068 3855 1195 3914 pupillam

68 3914 104 3960 od
127 3916 186 3960 iura
213 3923 340 3960 rorantem
368 3916 561 3979 specior-empne
584 3921 638 3974 rei,
666 3920 741 3965 cuiue
766 3934 800 3969 m.
816 3919 848 3984 sl.
869 3928 872 3935 ·
896 3918 954 3967 135.
981 3918 1138 3982 intelligenda
1157 3930 1196 3971 est

69 3985 138 4030 actio
163 3984 305 4029 rationibus
332 3985 523 4044 dieti-enam,
551 3996 625 4047 ‘quem
650 3987 720 4034 fintta
747 3991 821 4035 tntetn
848 3989 951 4035 instituit
975 3984 1080 4048 pupillus
1110 4000 1195 4042 contra

69 4060 176 4099 tutorem
194 4054 224 4098 ob
243 4054 399 4110 interceptam
416 4059 541 4112 pecuniam
558 4060 701 4115 pupillarem
719 4061 827 4116 maleque
845 4053 951 4105 redditas
969 4056 1107 4124 rationes,¹
1123 4065 1194 4123 idque

67 4126 93 4169 in
112 4124 219 4179 duplum.
256 4123 324 4179 Apud
342 4125 464 4171 Romanoa
482 4130 549 4183 pueri
568 4128 675 4182 comati,
695 4130 757 4173 tonsi
776 4130 871 4172 demam
889 4134 914 4174 et
931 4130 1079 4176 circumcisis
1093 4133 1123 4177 nb
1135 4125 1194 4179 aure

68 4193 268 4239 descendentibus
286 4195 395 4249 capitiis,
407 4221 410 4228 -
424 4192 464 4240 nbi
482 4202 573 4241 restem
592 4197 734 4253 pupillarem
752 4198 935 4253 deposuissent'
974 4201 1018 4246 llic
1036 4201 1109 4260 igitur
1126 4201 1194 4246 babi-

68 4267 108 4307 tus
127 4264 260 4309 communie
283 4276 430 4320 puerorum,
456 4267 518 4312 unde
535 4267 645 4312 crinitae
671 4268 810 4326 paedagogo
837 4267 925 4314 turbae
943 4270 1051 4316 Martiali
1071 4269 1119 4328 12,
1147 4268 1192 4319 19.
