2782 4762
1132 168 1192 231 199

69 324 143 389 Hos
165 322 274 405 pneris
297 324 434 388 monitus
456 333 562 406 patres
585 322 752 389 infundere
774 325 880 408 lippos

72 427 178 508 Quom
203 428 325 504 videas,
351 427 537 510 quaerisne,
562 429 645 489 unde
666 427 747 490 haec
768 439 900 513 sartago
923 428 1077 514 loquendi
1123 430 1191 492 ,80

72 529 210 593 Venerit
231 530 261 592 in
284 529 436 613 linguas?
458 530 540 593 unde
561 527 645 592 istuc
666 533 821 608 dedecus,
847 529 878 593 in
900 552 966 613 quo

73 633 247 697 'l'rossnlus
270 633 408 695 exsultat
431 630 489 695 tibi
511 653 570 714 per
590 632 740 695 subsellia
763 632 866 696 levis?
887 664 928 675 —

71 733 168 799 Nilne
189 737 288 817 pudet
311 733 407 817 capiti
429 754 494 797 non
515 753 612 816 posse
635 734 778 815 pericula
801 756 881 801 cano

71 836 218 913 Pellene,
244 835 320 920 quin
342 836 482 918 tepidum
506 838 568 899 hoc
591 848 684 916 optes
708 836 816 899 audire
838 839 1056 911 „decentcrl”

73 941 215 1015 Fures,
242 939 283 1001 ait
305 939 420 1005 Pedio.
444 971 484 981 -
508 937 625 1002 Pedius
649 937 748 1021 quid?
771 972 812 985 -
836 937 979 1005 Crimina
1001 941 1078 1004 rasis
1149 944 1190 1006 85

72 1042 188 1122 [pluat
210 1040 241 1104 in
265 1040 434 1106 antithetis.
477 1041 599 1103 Doctas
621 1040 767 1121 posuisse
790 1041 911 1125 ligures

72 1146 250 1208 Laudatur.
280 1179 321 1190 -
349 1143 472 1206 Bellum
504 1143 588 1205 hoc!
611 1176 652 1186 —
683 1141 807 1205 Bellum
837 1142 927 1207 hoe?
950 1166 1006 1219 an,
1032 1145 1188 1221 Romule,

360 1244 364 1252 ’
916 1246 1039 1309 eoves?

71 1352 152 1415 Men
176 1361 302 1414 moveat
325 1350 442 1435 qnippe
465 1362 515 1425 ct,
541 1360 647 1413 cantet
668 1349 694 1410 si
718 1349 909 1432 naufragus,
934 1370 1033 1412 assem

18 1488 33 1509 .
71 1450 292 1516 Protulerim?
316 1451 453 1528 Cantas,
479 1474 576 1535 quom
598 1452 699 1514 fracta
723 1462 754 1513 te
776 1449 807 1514 in
830 1452 921 1513 trabe
943 1450 1061 1532 pictum

71 1555 125 1616 Ex
146 1555 280 1617 humero
303 1553 440 1635 portes?
464 1556 605 1628 Verum,
630 1575 688 1615 nec
712 1564 806 1616 noete
828 1564 974 1633 paratum
1150 1557 1190 1618 90

71 1655 238 1731 Plorabit,
264 1656 318 1739 qui
342 1678 390 1718 rue
415 1656 503 1720 volet
525 1655 708 1718 incurvasse
730 1654 872 1736 querela.
897 1687 938 1697 -
1011 1677 1015 1684 ·

71 1759 158 1831 „Sed
179 1759 318 1822 numeris
342 1761 440 1820 decor
463 1769 510 1821 est
533 1769 564 1820 et
586 1757 732 1842 iunctura
755 1756 859 1818 addita
882 1756 1000 1819 crudis.

72 1859 231 1924 Claudere
253 1861 300 1922 sic
321 1880 450 1923 versum
472 1858 600 1921 didicit:
623 1859 851 1943 Berecyntius
873 1857 984 1933 Auis,

71 1964 140 2025 Et:
164 1962 224 2048 qui
246 1964 443 2027 coeruleum
465 1961 647 2025 dirimebat
669 1963 788 2025 Nerea
807 1960 964 2041 delphin,

72 2064 145 2126 Sica
168 2076 302 2128 eostam
322 2066 428 2146 longo
449 2063 678 2128 subduximus
700 2062 895 2146 Apennino.
1152 2067 1192 2130 95

71 2168 182 2231 Arma
202 2166 334 2240 virum,
359 2187 463 2230 nonne
487 2168 549 2230 hoc
570 2186 753 2247 spumosum
777 2176 808 2227 et
831 2165 952 2230 cortice
974 2165 1102 2251 pingui,

141 2377 182 2425 80.
203 2403 235 2412 -·
248 2383 330 2423 'uniam
347 2377 409 2422 hoec
428 2380 453 2424 S.
475 2403 507 2414 -
527 2378 591 2424 rende
609 2387 716 2442 serengo
734 2382 764 2424 T.
815 2377 857 2424 81.
877 2378 953 2439 istuc]
971 2382 1048 2425 Vatis.
1072 2382 1192 2428 =·ielud

70 2451 134 2494 Cett.
155 2470 186 2482 -
211 2461 287 2492 unum
311 2447 381 2493 iatttd
404 2448 479 2492 debeo
506 2449 533 2493 in
556 2463 602 2508 quo
621 2452 645 2495 S.
702 2448 744 2494 89.
766 2448 891 2493 Trorulua
910 2451 945 2493 M.
968 2470 1001 2483 -
1021 2449 1141 2495 Troailue
1157 2453 1187 2496 T.

71 2542 104 2552 -
132 2516 264 2562 Treerilua
288 2508 318 2562 n.
348 2541 380 2551 -
412 2517 554 2563 Turorulur
578 2520 608 2563 ll.
638 2537 670 2555 .-
688 2500 796 2564 lloeuiue
812 2520 837 2562 S.
893 2515 934 2563 83.
956 2542 988 2552 -
1007 2519 1043 2564 nil
1059 2533 1136 2577 poene
1157 2521 1187 2564 E.

70 2582 113 2633 88.
130 2585 298 2643 -trepidum
310 2590 340 2632 V.
360 2593 384 2631 ut
401 2588 497 2632 volebat
509 2587 612 2633 Casauh.
651 2587 740 2632 88-
758 2587 949 2645 doetuescalig.
967 2589 1054 2632 Menti.
1093 2586 1134 2633 87.
1156 2614 1188 2624 —

69 2655 188 2701 laudetur
204 2658 282 2701 vatic.
300 2657 329 2700 Ut
346 2671 390 2700 nos
399 2688 405 2710 ,
426 2658 456 2701 T.
478 2657 514 2701 lb.
530 2681 563 2691 -
573 2657 664 2701 bellum
679 2663 724 2701 eet.
763 2670 796 2699 cn
807 2654 877 2700 Rom.
894 2656 1035 2700 uvsssntu.
1048 2655 1189 2702 -Remole

70 2726 101 2769 T.
140 2721 182 2769 88.
203 2749 235 2760 --
254 2726 453 2799 etrieonteffis
488 2724 530 2770 89.
546 2749 575 2758 -
589 2725 760 2771 Protulerol'.
799 2726 834 2770 lb.
854 2747 890 2761 -
907 2731 929 2768 te
944 2725 1014 2769 trude
1028 2727 1058 2770 Τ.
1097 2725 1138 2770 91.
1155 2748 1201 2775 -.

69 2794 204 2838 incurvare
217 2796 248 2843 T.
287 2792 328 2840 93.
357 2796 380 2827 -’-
394 2795 485 2839 didicit
497 2809 595 2839 verarum
608 2798 638 2839 V.
685 2796 721 2838 lb.
741 2793 816 2851 Attis]
836 2797 913 2838 Valle.
935 2796 966 2837 V.
988 2819 1020 2828 -
1039 2796 1089 2839 otia
1103 2796 1133 2838 Τ.
1155 2817 1189 2827 -

49 2861 137 2923 οιιτΙιίε
155 2863 249 2908 RSAM.
273 2886 301 2895 -
322 2865 377 2908 cris
394 2864 425 2908 E.
446 2864 490 2920 (-
508 2863 577 2908 Attin
595 2865 655 2908 Cod.
676 2862 763 2918 Bern.)
809 2862 850 2908 95.
873 2885 901 2894 -
922 2861 1075 2909 deduximus
1096 2864 1124 2912 ll.
1149 2878 1187 2907 su-

69 2946 163 2987 perser.
184 2932 239 2977 eub.
276 2931 317 2977 ⁹6.
338 2955 371 2965 —
389 2947 448 2977 num
467 2948 497 2977 ne
514 2947 553 2990 ep.
573 2935 603 2978 T.
634 2957 657 2967 -
676 2947 756 2977 nonne
774 2938 812 2977 eat
829 2946 868 2989 ep.
885 2933 916 2976 V.

72 3045 221 3057 ,ι--ι--ι

141 3109 182 3155 81.
203 3111 272 3156 utne
286 3114 401 3168 rpwPW.
449 3111 491 3157 82.
511 3113 591 3158 luceia
610 3128 648 3167 up.
697 3111 738 3157 87.
758 3110 803 3156 Ιιοι·
822 3110 934 3157 bellum?
952 3126 986 3156 un
1003 3126 1025 3156 r.
1047 3134 1080 3145 -
1098 3111 1190 3155 bellum
1259 3158 1262 3163 ,

70 3181 126 3226 ertl
145 3194 178 3225 en
197 3181 242 3236 pl’.
292 3180 333 3226 88.
353 3180 412 3225 Men
435 3182 551 3227 monent?
569 3184 657 3241 quippe
676 3188 753 3236 etrp.
805 3179 846 3227 93.
868 3206 898 3217 -
918 3180 1007 3226 didicit
1024 3194 1123 3226 nereum
1144 3182 1189 3237 pP.

71 3251 107 3295 lh.
128 3250 192 3310 Atye
210 3250 256 3306 pP.
274 3275 306 3284 —
324 3250 392 3296 Attin
413 3265 458 3295 rw.

141 3410 183 3457 82.
204 3410 355 3471 Trossulua]
374 3414 517 3457 Trossulum
539 3415 651 3469 oppidum
669 3417 712 3459 luit
731 3415 856 3467 Etrurine,
883 3427 928 3456 non
946 3414 1017 3472 longe
1043 3426 1056 3455 a
1081 3414 1186 3457 Volscis.

70 3483 121 3526 llos
134 3483 226 3538 equites
245 3482 346 3526 Rotnani
371 3483 423 3527 sine
442 3482 560 3539 peditibus
581 3489 759 3543 expugnarunt,
785 3484 872 3528 Nunnio
896 3483 998 3539 quodem
1015 3482 1082 3526 duce.
1121 3482 1187 3525 Unde

71 3552 162 3608 equites
177 3552 278 3596 llninani
300 3550 419 3596 Treaeuls'
440 3553 494 3597 dicti
516 3558 580 3597 sunt.
619 3552 660 3598 86.
681 3553 769 3597 Librut
789 3553 816 3597 t'n
836 3549 975 3608 antithetis]
994 3549 1116 3595 Antithete
1133 3555 1189 3594 sunt

70 3622 143 3665 llaec:
163 3619 250 3666 Fortia
264 3622 373 3678 neglecti
390 3622 504 3666 celebant
521 3623 587 3667 eolla
608 3624 712 3680 capilli:
733 3620 767 3668 Et
783 3635 831 3678 per
851 3620 961 3681 neglecti
977 3617 1113 3665 oolitcbnnt
1123 3620 1195 3662 collo

69 3690 167 3746 capilli.
205 3690 275 3746 („Al.·
292 3703 358 3733 vers.
381 3693 463 3746 priore
481 3691 651 3736 oolitubuntet
669 3706 692 3735 v.
710 3705 761 3748 seq.
799 3689 831 3735 Et
840 3704 887 3747 per
905 3690 1033 3750 neglector
1052 3687 1204 3733 volitabant‘

68 3759 136 3803 cotta
153 3759 286 3817 eopilloa.''
303 3757 382 3814 Pith.)
426 3757 465 3804 At
482 3761 595 3819 quotiens
614 3761 703 3804 umbre
716 3760 827 3817 porrexi
846 3757 953 3803 brechio
970 3764 1036 3802 motu
1046 3772 1054 3802 .·
1074 3754 1113 3801 At
1131 3755 1190 3812 (Ant

70 3829 108 3872 bis
128 3827 210 3880 Plu..
242 3830 284 3872 secl
305 3825 344 3871 At
364 3830 387 3872 in
414 3829 488 3873 variis
511 3832 588 3882 lectt.)
613 3830 726 3888 puott'ene
745 3829 833 3873 umbra
860 3827 971 3873 redduxi
988 3824 1094 3872 bruchio
1111 3831 1189 3870 mota.

68 3897 192 3942 Antithetn
215 3903 294 3943 autern
312 3897 442 3951 istasunt,
473 3903 673 3956 queccnntrase
692 3904 827 3953 ponuntur:
857 3903 896 3952 nt,
917 3895 975 3942 ltine
993 3895 1094 3953 pudor,
1115 3894 1187 3939 illine

66 3966 228 4023 petulantie:
255 3963 314 4009 hine
329 3966 472 4023 pudicitia,
504 3968 576 4011 illinc
603 3974 733 4025 stuprum:
764 3964 824 4011 dine
839 3966 924 4029 fider,
953 3966 1025 4009 illine
1039 3961 1187 4025 fraudatio.

69 4033 135 4093 (cte.
156 4037 180 4080 in
199 4036 270 4081 Catil.
291 4033 316 4092 2,
338 4035 393 4090 ll.)
449 4034 491 4081 95.
511 4036 554 4081 Sic
575 4036 681 4096 enatam]
701 4036 788 4081 Omnia
806 4036 936 4090 Epieorum
964 4036 1069 4080 earinioa
1085 4037 1118 4079 ita
1139 4033 1190 4079 fere

69 4108 125 4150 sunt
140 4107 289 4160 composite,
321 4111 347 4150 ut
365 4105 487 4160 proximus
512 4119 554 4160 pes
574 4106 603 4149 nb
628 4109 711 4151 ultimo
730 4107 835 4158 dactylus
858 4108 905 4157 sit,
936 4106 1041 4160 exceptis
1063 4104 1190 4147 admodum

69 4176 168 4228 ltfltttsss
188 4188 247 4231 t{¹¹⁰⁵
266 4170 509 4234 σπονδειάζοντας
529 4176 661 4230 appellant:
683 4181 708 4218 ut
728 4176 789 4230 apud
807 4173 947 4219 Cornelium
959 4174 1092 4227 Severum,
1112 4171 1191 4216 Pinen

60 4239 186 4301 frondosi
203 4257 275 4287 corno
295 4249 437 4287 murmuret
453 4242 587 4303 Apenniun'.
608 4244 729 4299 ustulat
746 4245 806 4299 apud
822 4243 935 4287 Charis.¹’
952 4240 1031 4296 Pith.)
