2782 4762
193 182 255 246 288

196 342 260 403 Sed
282 338 370 423 prius
393 336 547 403 aestivum
570 337 669 402 ratris
690 337 850 403 defendite
871 339 974 402 solem

257 444 301 505 Et
323 441 418 505 viridi
440 442 568 505 mollem
590 441 723 505 sternite
743 442 859 505 troade
880 452 1002 504 torum.

194 545 268 607 Non
291 543 439 631 plumae,
462 564 526 607 uon
548 544 633 626 pieta
657 544 768 607 iuvant
789 563 839 606 me
861 542 1025 627 stragula,
1048 562 1109 607 nee
1130 562 1212 626 quae
1295 543 1316 605 5

257 646 399 719 Pavouis
417 645 513 715 ,vario
536 649 657 727 sponda
681 648 793 709 colore
814 645 904 710 uitet.

191 750 302 831 Larga
324 761 477 813 coronata
502 746 661 830 disponite
683 750 800 830 pocula
824 768 953 828 mensa,

255 850 364 914 Selino
386 862 418 914 et
441 851 559 934 gelidas
582 849 743 915 adsociate
765 851 878 915 nives:
1073 838 1076 843 ¹

193 950 413 1034 Certatimque
434 953 524 1015 leves
545 952 671 1035 potanti
693 951 832 1017 inducite
854 974 997 1018 somnos.

179 1078 182 1082 ’
255 1053 309 1116 Sic
331 1054 418 1118 iuvat
440 1054 553 1117 aetatis
576 1057 692 1118 ducere
716 1057 767 1118 iila
790 1077 890 1120 meae.

190 1157 243 1221 Au
267 1156 381 1220 seimus
404 1156 529 1234 miseri,
554 1157 629 1241 quid
652 1158 708 1220 lux
731 1170 863 1221 ventura
887 1156 1048 1222 minetur?

254 1259 431 1324 Vivamus:
455 1271 591 1323 mortem
612 1260 729 1324 fallere
750 1282 843 1324 neruo
865 1273 986 1343 potest.

231 1401 362 1465 CXIII.
405 1398 582 1466 Eiusdem.
619 1402 661 1465 In
681 1400 811 1483 Orphei
831 1400 1046 1484 respicientis
1066 1398 1268 1483 imaginem.

696 1546 705 1567 .
731 1506 763 1565 1.
787 1503 806 1563 6
833 1547 842 1565 .

189 1604 267 1667 Hoe
285 1604 365 1682 suit,
389 1603 521 1680 infelix,
545 1614 578 1667 et
599 1504 702 1667 adlffic
722 1606 787 1669 heu
808 1503 956 1687 leipieis,
982 1602 1143 1687 Orpheu?

253 1707 350 1787 Quod
372 1717 424 1783 te,
449 1709 538 1790 quod
558 1707 709 1770 miseram
730 1707 871 1789 perdidit
892 1708 1089 1788 Eurydicen.

253 1829 379 1892 CXIV.
405 1827 584 1892 Eiusdem.
608 1831 663 1892 De
688 1832 819 1893 Venere
833 1841 869 1892 et
881 1830 1012 1894 Diana.
1035 1830 1094 1910 (L.
1118 1827 1150 1891 2.
1175 1827 1244 1909 tu)

189 1939 345 2002 Incultam
369 1938 525 2021 aspiciens
547 1939 636 2003 silvis
654 1938 819 2021 ⁴Cytherea
842 1939 979 2003 Dianam

252 2040 338 2104 Risit
360 2052 413 2106 etz
437 2088 452 2115 „
462 2044 515 2105 An
536 2043 647 2106 tendes
669 2040 749 2105 retia
772 2040 951 2124 semper?”
974 2041 1030 2105 ait.

190 2142 253 2209 Cui
275 2143 343 2206 Dea
368 2155 474 2207 easta:
499 2143 613 2218 „Foris
636 2164 693 2207 eur
715 2165 780 2207 nou
804 2165 866 2228 ego
888 2143 968 2207 retia
990 2145 1139 2219 tendam,

255 2247 402 2309 'l'eudere
425 2246 451 2310 si
472 2244 580 2328 potuit
601 2246 653 2308 vie
675 2259 748 2309 tuus
769 2247 824 2311 illa
849 2245 952 2325 tibit'

230 2368 339 2431 cXV.
361 2365 540 2431 Eiusdem.
563 2369 605 2432 m
627 2344 802 2433 aueum
822 2370 1049 2450 campanam.
1072 2368 1129 2446 (n.
1153 2366 1186 2429 a.
1209 2344 1278 2445 m)

188 2477 320 2553 Dicite,
345 2476 492 2551 semidei,
517 2475 671 2542 silvarum
694 2480 837 2555 numina,
861 2480 985 2554 Panes,

252 2581 296 2642 Et
319 2578 428 2661 siqua
452 2580 591 2642 adventu
612 2602 645 2644 es
668 2583 816 2663 Nympha
837 2580 948 2664 fugata
970 2601 1063 2645 meo:

189 2680 252 2746 Cui
276 2681 363 2742 licuit
386 2691 489 2744 tantas
511 2703 663 2747 saxorum
686 2696 834 2747 evertere
857 2683 978 2757 moles,

253 2784 342 2863 Quas
363 2781 425 2845 iam
448 2783 594 2848 disiectas
618 2785 673 2849 vix
696 2806 827 2848 nemora
849 2785 912 2848 alta
933 2782 1071 2868 tegunt?

187 2885 289 2948 Hisne
312 2885 386 2949 olim
409 2897 499 2949 sueta
520 2899 569 2949 est
590 2887 699 2951 cuneis
723 2887 886 2968 Campana
909 2885 1057 2950 iuventus
1288 2886 1308 2948 5

252 2988 543 3068 Amphitheatrales
564 2991 646 3053 laeta
670 2989 779 3052 videre
801 2989 938 3055 iocos-i.

187 3091 284 3153 Nune
307 3089 360 3152 ubi
377 3101 432 3153 tot
453 3090 645 3173 plaususque
667 3091 828 3155 homiuum
854 3111 1015 3175 vocesque
1036 3111 1193 3170 canorae,
1215 3170 1218 3176 Ι

255 3194 322 3269 Tot
344 3191 450 3268 risus,
475 3203 527 3256 tot
547 3192 608 3255 iam
632 3194 765 3277 gaudia,
788 3203 838 3257 tot
859 3191 983 3256 facies?

188 3292 333 3370 Scilicet,
357 3295 420 3357 heu
440 3293 500 3357 fati
521 3294 630 3378 leges!
652 3297 737 3378 rapit
759 3295 863 3360 omnia
888 3307 1030 3376 tempus,
1052 3298 1055 3302 ’

251 3396 296 3458 Et
319 3416 399 3478 quae
420 3396 614 3475 sustulerat,
639 3396 787 3481 deprimit
808 3397 875 3479 ipsa
899 3399 977 3461 dies.
1268 3400 1311 3461 10

243 3518 371 3582 CXVI.
408 3516 588 3582 Eiusdem.
624 3520 665 3584 Iu
687 3514 859 3580 tremulum
880 3519 1001 3582 Cottae
1025 3517 1245 3584 Veronensis.

597 3606 607 3639 ⁴
647 3620 704 3699 (L.
729 3621 761 3682 a.
780 3620 853 3703 vus.)

189 3714 349 3803 Sperabas
370 3720 447 3798 titi,
471 3724 583 3799 docta,
608 3743 743 3801 novum,
766 3724 922 3799 Verona,
947 3720 1127 3787 Catullum:

251 3826 399 3907 Experta
421 3845 455 3888 es
477 3826 577 3888 dnnros
598 3822 657 3888 bis¹
673 3825 797 3907 viduata
820 3827 911 3899 deos.

188 3926 286 3988 Nulla
309 3927 444 3988 animum
467 3928 603 4009 posthae
625 3949 678 3989 res
701 3926 823 4010 erigat,
848 3928 968 4009 optima
991 3928 1119 4013 quando

252 4026 360 4092 Prinna
382 4029 468 4110 rapit
489 4028 586 4093 celeri
607 4030 712 4094 Parca
733 4026 866 4091 inimica.
884 4036 1000 4094 manu,
1033 4084 1036 4089 .
1314 4092 1318 4097 .

189 4129 280 4209 Quae
303 4140 403 4193 tamen
424 4142 462 4194 ut
484 4131 563 4196 vidit
586 4130 749 4196 morientis
771 4129 888 4214 frigida
911 4132 1029 4206 Cottae
1290 4131 1310 4197 5

253 4233 339 4309 Ora,
364 4254 455 4296 suum
476 4233 561 4297 lassa
583 4232 773 4297 est‘erimeu
795 4243 827 4296 et
849 4233 989 4298 erubuit.
