2782 4762
131 362 264 444 Qualem
289 364 448 427 Ronmleo
472 364 610 443 Pylades
631 376 779 447 spectare
802 368 930 432 theatro

194 467 419 547 Melpomenes
441 479 566 528 sectans
589 467 869 551 suitamodosque
891 471 997 548 dedit,

129 569 261 634 Diceret
283 569 414 632 abiectis
437 571 518 635 odiis
539 571 651 653 regina
673 575 829 635 deorum:

196 672 365 750 Mentiris,
390 695 478 736 mous
500 673 552 741 bie
573 674 658 736 filins
680 686 745 751 est,
775 675 913 739 Semele.

666 861 719 924 71.

132 999 352 1067 Annonam
376 997 449 1060 tulit
472 996 593 1060 Thebis
616 1020 713 1080 quom
737 999 858 1081 pulpita
881 1001 1043 1077 Bacchas,

196 1102 349 1162 Induerat
371 1101 510 1180 Pylades
533 1103 632 1163 eorde
657 1102 829 1186 habituque
852 1105 965 1168 deum:

133 1203 241 1266 Mixto
265 1202 326 1265 luit
346 1201 470 1284 trepida
493 1223 563 1264 etnn
586 1202 743 1287 religione
766 1204 935 1285 voluptas,

175 1305 263 1369 Urbs
287 1326 382 1388 quoru
406 1316 474 1368 tota
496 1326 589 1369 sacro
612 1307 705 1387 plena
727 1306 841 1370 srrrore
863 1307 963 1371 foret.

112 1408 214 1492 *igne
235 1417 337 1468 satum
361 1408 493 1471 Thebae
516 1417 653 1470 norunt:
677 1408 822 1482 caelestis
844 1409 950 1473 atille
974 1421 1040 1487 est,

197 1509 366 1573 Facundae
388 1509 517 1590 pariunt
539 1531 634 1593 quem
656 1510 723 1574 sine
745 1531 828 1574 voce
851 1532 974 1575 manus.

666 1694 719 1760 72.

134 1833 244 1918 Virgo
267 1835 359 1898 iidem
383 1838 510 1921 quoties
531 1837 659 1919 plectro
683 1837 839 1916 percussit
862 1839 1006 1913 eburno,

198 1939 437 2019 'l'erpsiehorae
459 1940 520 2001 iilis
544 1940 662 2001 aemula
685 1938 738 2018 fila
762 1951 889 2013 movet;

134 2040 173 2102 ln
197 2040 340 2123 tragicos
362 2044 471 2103 eadem
495 2063 607 2113 vocem
630 2041 658 2104 si
680 2043 786 2106 solvat
808 2040 934 2116 hiatus,

200 2145 275 2207 Nou
297 2142 323 2205 it
345 2143 574 2225 Melpomenae
598 2144 699 2208 maior
721 2147 761 2206 ab
784 2165 843 2208 ore
866 2165 978 2208 sonus.

136 2245 235 2324 Qtrod
257 2245 283 2307 si
306 2248 344 2308 de
366 2245 471 2309 lorma
493 2245 611 2308 suerint
633 2247 824 2322 certamina,
850 2246 956 2311 vincet

199 2349 241 2410 Et
265 2349 442 2424 Venerem,
465 2348 561 2412 iudex
585 2348 625 2412 sit
647 2349 720 2413 lieet
742 2350 809 2431 ipse
832 2350 938 2413 Puris.

138 2451 200 2513 Sed
223 2450 356 2513 tacuisse
380 2450 455 2513 mihi
477 2450 607 2539 melius,
634 2474 690 2529 ne,
715 2451 742 2515 si
764 2453 870 2515 audiat
891 2455 1005 2532 Evan,

201 2553 344 2616 Rursum
366 2552 551 2619 Ariadneos
574 2566 705 2638 appetat
726 2555 794 2637 ipse
817 2566 923 2620 toros.
1006 2575 1010 2581 ·

671 2741 724 2805 te.
789 2786 791 2790 ψ

138 2879 211 2958 Οιιῖ
225 2880 336 2943 canitis
358 2891 497 2962 topper,
521 2879 576 2963 qui
598 2881 729 2954 betere,
754 2878 871 2962 quique
894 2898 1044 2954 eeruses,

202 2983 301 3044 Vates
324 2982 466 3064 impliciti
490 2982 650 3056 sentibus,
675 2982 717 3043 ite
741 2982 867 3062 proeul.

138 3086 182 3148 Et
205 3106 340 3165 quorum
365 3085 450 3148 teneri
472 3089 587 3148 sudans
611 3087 640 3147 in
664 3083 801 3145 carmine
824 3105 902 3146 eum

202 3188 254 3249 Ex
279 3187 376 3249 saeris
401 3189 485 3249 solas
507 3188 650 3250 lontibus
673 3188 775 3249 haurit
798 3207 906 3269 aquius.

137 3290 203 3353 Ista
227 3289 291 3351 dies
315 3289 424 3370 agitur
446 3291 567 3352 Flacco
591 3311 770 3372 rnngnoqne
793 3288 926 3352 Maroni
1002 3326 1004 3330 ,

203 3392 278 3455 Non
301 3404 384 3455 arrrat
404 3392 457 3456 hie
479 3404 601 3470 crater,
626 3391 715 3476 queis
738 3392 823 3455 levat
846 3395 927 3455 unda
950 3392 1045 3455 sitim.

674 3598 727 3663 ll.

140 3744 268 3823 Septem
291 3740 372 3803 lama
396 3740 519 3821 sophos
542 3739 696 3801 celebrat.
742 3736 922 3802 Cleobulus
944 3735 974 3798 in
997 3734 1060 3810 illis

204 3842 339 3905 Lindius
362 3853 423 3906 est.
468 3843 603 3922 Ephyre
626 3851 679 3914 te,
706 3840 900 3913 Periandre,
927 3838 1025 3901 dedit.

139 3946 284 4022 Punice,
309 3957 340 4008 te
364 3945 474 4029 genuit
496 3945 677 4024 Mitylene:
703 3943 814 4007 Bianta
839 3943 976 4004 Priene:

183 4104 186 4109 .
206 4048 340 4110 Miletos
363 4047 441 4109 iuris
464 4051 567 4110 robur
591 4068 733 4130 opesque
756 4045 901 4127 Thalen,

144 4151 312 4214 Chilonem
336 4151 452 4231 Sparte
475 4149 578 4212 dedit:
603 4150 710 4212 Attica
733 4161 818 4210 terra
843 4146 1013 4217 Solonem;
1063 4143 1065 4146 ’

207 4253 299 4333 Quos
320 4255 460 4334 prudens
483 4251 625 4334 gravitas
648 4264 695 4315 est
718 4249 869 4316 couritata
892 4248 995 4312 viros.
