2782 4762
79 369 226 450 ‚Pontius
248 372 372 447 beron,
397 369 519 433 Bassus
544 386 675 452 quoque
697 367 803 431 clarus
824 365 953 442 iambo,

150 472 267 538 Dulcia
290 471 460 538 convictus
482 472 624 534 membra
645 469 738 535 fuere
761 467 841 533 meir

86 577 132 641 Et
153 575 253 639 tenuit
276 587 405 640 nostras
426 594 617 638 numerosus
641 570 800 636 Horatius
822 591 936 646 aures,

149 678 236 743 Dum
258 677 335 742 ferit
357 676 502 743 Ausonia
525 675 665 740 carmina
687 675 773 738 culta
794 673 879 754 lyra.
961 734 964 743 ,

87 780 265 866 Virgilium
288 780 352 845 vidi
374 792 516 844 tantum:
540 777 599 842 nec
621 799 718 843 avara
741 776 876 841 Tibullo

151 885 293 965 Tempus
317 881 470 946 amicitiae
492 881 557 945 lata
580 883 696 944 dedere
719 900 822 943 meae.
871 936 874 943 .

90 987 265 1050 Successor
286 985 348 1049 luit
369 985 420 1048 bic
443 985 518 1060 tibi,
544 984 658 1058 Calle3
681 981 876 1065 Propertius
898 980 965 1046 illi:

151 1089 292 1168 Quartus
314 1089 354 1151 ab
376 1087 426 1152 his
448 1086 531 1151 scrie
554 1084 709 1169 temporis
731 1084 803 1167 ipse
825 1084 886 1149 lui.

87 1191 196 1275 thue
219 1211 282 1275 ego
306 1191 461 1270 maiores,
485 1190 531 1254 sic
552 1211 602 1252 me
625 1189 757 1254 coluere
779 1186 939 1253 minoresa

150 1294 303 1378 Notaque
325 1315 390 1357 non
413 1295 503 1358 tarde
524 1293 611 1356 lacta
634 1293 749 1356 Thalia
771 1311 839 1354 mea
863 1301 926 1357 est.

87 1393 237 1460 Carmina
259 1416 356 1480 quom
378 1394 516 1478 primum
538 1393 662 1478 populo
684 1392 834 1458 iuvenilia
855 1390 944 1475 legi,

149 1498 257 1562 Barba
279 1510 403 1563 resecta
427 1498 504 1562 mibi
524 1497 617 1562 bisve
639 1496 778 1560 semelve
801 1493 875 1559 luit.

87 1601 243 1666 Moverat
264 1599 424 1686 ingenium
448 1613 550 1667 totam
572 1610 697 1663 cantata
719 1620 779 1682 per
800 1599 923 1664 Urbem

150 1702 290 1768 Nomine
311 1724 376 1769 non
400 1724 479 1769 vero
502 1703 586 1767 dicta
609 1701 754 1769 Corinna
776 1699 863 1767 mibi.

86 1805 194 1869 Multa
216 1806 343 1891 quidem
366 1806 500 1888 scripsi,
526 1807 583 1870 sed
605 1827 687 1891 quae
710 1803 830 1869 vitiosa
848 1802 979 1886 putavi,

150 1908 374 1972 Emendaturis
396 1907 525 1993 ignibus
545 1907 615 1991 ipse
637 1906 723 1971 dedi.

88 2012 173 2075 Tum
196 2032 342 2097 quoque,
368 2033 466 2096 quom
488 2012 656 2095 sugerem,
694 2011 848 2093 quaedam
870 2007 1027 2091 placitura
1049 2008 1212 2087 cremavi,

150 2115 257 2178 Iratus
279 2114 385 2179 studio
408 2113 668 2198 carminibusque
690 2111 782 2176 meis.
902 2187 904 2192 Ι

87 2216 212 2292 Molle,
238 2215 424 2298 Cupidineis
448 2238 506 2280 nec
527 2215 782 2300 inexpugnabile
803 2212 875 2279 telis
1173 2214 1214 2279 65

151 2317 222 2384 Cor
244 2317 340 2397 mihi,
365 2322 516 2404 quodque
538 2319 618 2385 levis
641 2340 735 2382 causa
759 2327 925 2395 moveret,
950 2327 1033 2387 erat.
1118 2368 1120 2372 »

88 2421 195 2502 Quom
217 2432 322 2486 tamen
344 2423 407 2485 hdc
430 2443 530 2485 essem
554 2420 748 2507 minimoque
770 2423 964 2486 accenderer
986 2420 1077 2506 igni,

140 2524 290 2588 >Nomine
312 2527 372 2589 sub
394 2535 509 2591 nostro
531 2525 641 2597 fabula
662 2524 747 2588 nulla
769 2524 841 2588 luit.

86 2627 194 2692 Paene
217 2626 296 2690 mibi
316 2648 421 2711 puero
443 2648 504 2690 nec
525 2627 621 2712 digna
642 2648 703 2690 nec
723 2626 810 2692 utilis
832 2648 918 2692 uxor

64 2798 67 2802 ,
150 2731 212 2794 Est
233 2732 324 2808 data,
351 2751 432 2817 quae
453 2741 579 2811 tempus
601 2733 763 2812 perbreve
784 2740 884 2811 nupta
905 2729 979 2795 luit.
1175 2735 1217 2810 7⁰.

65 2825 140 2896 'ltti
161 2833 334 2910 successit,
359 2831 505 2919 quamvis
528 2832 596 2896 sine
618 2832 771 2908 crimine,
796 2831 937 2909 coniux,

151 2936 228 2999 Non
250 2947 354 3000 tamen
376 2937 408 3000 in
431 2948 545 3001 nostro
568 2935 660 2998 lirina
680 2934 789 2997 futura
811 2944 903 2999 toro.

87 3037 208 3102 Ultima
230 3059 313 3121 quae
335 3060 457 3102 mecum
481 3059 572 3102 seros
595 3036 769 3119 permansit
790 3036 822 3101 in
846 3057 966 3116 annos,

151 3139 305 3203 Sustinuit
326 3141 443 3206 coniux
467 3139 586 3204 exsulis
608 3161 677 3204 esse
703 3139 775 3203 viri.

88 3241 169 3305 Filia
192 3263 241 3306 me
264 3264 332 3306 mea
355 3242 404 3305 bis
424 3243 526 3326 prima
547 3243 684 3307 fecunda
704 3240 853 3320 iuventa,

152 3346 216 3408 Sed
238 3367 302 3409 nou
325 3365 366 3408 ex
389 3367 454 3410 uno
477 3346 633 3430 coniuge,
656 3345 733 3410 fecit
754 3367 863 3409 avum.

87 3447 213 3510 Etiam
237 3448 414 3530 complerat
439 3447 566 3531 genitor
588 3469 644 3512 sua
665 3448 731 3511 lata
752 3468 935 3531 novemque

150 3553 328 3615 Addiderat
349 3549 457 3614 lustris
479 3551 579 3614 altera
602 3551 701 3615 lustra
724 3571 860 3615 noveru:

86 3655 165 3718 Non
186 3653 277 3717 aliter
299 3653 392 3731 flevi,
418 3676 511 3737 quam
534 3675 582 3717 me
604 3654 739 3717 fleturus
761 3655 941 3736 ademptum

85 3955 161 4010 Prop.
183 3954 213 4008 1,
232 3954 303 4012 Eleg.
324 3951 349 3999 4.
397 3955 478 4002 Probe
502 3957 682 4015 distinguendas
710 3955 731 3999 is
749 3960 787 4001 cst
804 3968 817 3999 a
836 3952 1019 4014 cognominibus
1046 3957 1141 4012 potitis,
1172 3958 1211 4014 qui

85 4028 141 4079 post
159 4038 213 4069 eum
230 4023 379 4077 floruerunt,
400 4023 488 4070 Caesio
506 4027 598 4080 Basso,
618 4024 694 4070 Gavio
709 4025 786 4068 Basso
809 4029 834 4069 et
851 4025 932 4070 Saleio
952 4026 1047 4082 Basso,
1079 4028 1108 4072 de
1127 4028 1213 4085 quibus

84 4107 109 4138 v.
130 4095 245 4138 Wcrnsd.
266 4095 296 4138 l'.
316 4094 345 4138 1..
361 4095 398 4138 Μ.
418 4094 449 4138 Τ.
470 4093 495 4142 3.
515 4110 539 4151 p.
558 4092 684 4141 xxxin.
706 4098 730 4138 cl
747 4093 780 4138 Τ.
801 4090 826 4138 4.
845 4093 876 4138 Ρ.
897 4091 922 4137 l.
941 4108 966 4150 p.
981 4092 1025 4140 43.
1070 4093 1112 4141 50.
1131 4095 1213 4142 Aonia

86 4164 164 4208 Codd.
184 4162 210 4207 4.
231 4162 353 4218 (ΑοοΙὶα2
372 4163 469 4222 llcius.)
515 4163 557 4210 5l.
575 4177 668 4214 amara
685 4163 770 4206 Barm.
790 4175 820 4206 ex
838 4163 916 4208 eote.
965 4162 1006 4211 53.
1027 4167 1052 4210 e'a
1070 4165 1210 4211 tidilleins.

86 4230 129 4278 ts.
148 4234 233 4277 coeloe
251 4234 327 4278 Codd.
380 4229 426 4278 li.
444 4232 511 4279 Filia
529 4233 569 4278 bia
585 4234 670 4292 prime
688 4245 745 4277 mea
762 4245 801 4278 mc
819 4231 904 4278 lleios.
924 4234 988 4280 coni.
1036 4233 1080 4283 tt.
1096 4233 1212 4292 adempto

85 4303 163 4348 Codd.
183 4302 261 4350 multi.
