2782 4762
152 163 214 223 tot

152 323 305 385 Annuere
328 319 376 382 his
398 339 533 399 superos
557 329 686 381 vetuere
710 319 887 402 lovemque
911 332 1088 383 morantur.
1114 356 1151 366 —·

150 426 231 487 Rem
256 435 379 485 struere
402 433 535 503 exoptas
559 443 651 485 caeso
673 425 760 485 bove
784 423 1050 506 Mercuriumque
1076 501 1082 511 .

150 527 298 591 Arcessis
321 526 424 587 fibra:
450 526 522 597 „Da
546 525 715 588 fortunare
738 538 887 606 penates,
1232 529 1273 591 45

150 629 200 692 Da
224 649 319 709 pecus
343 639 374 689 et
397 627 551 711 gregibus
573 626 723 689 sctum!”
747 663 788 672 -—
811 629 906 707 Quo,
931 628 1085 709 pessime,
1112 642 1232 711 pacto,

152 735 218 794 Tot
240 731 297 793 tibi
320 752 416 812 quom
439 729 469 790 in
493 730 634 791 flammas
657 730 792 791 iunicum
818 743 941 794 omenta
965 731 1173 815 liquescant?

150 837 299 896 Attamen
323 832 374 894 hic
397 832 478 893 extis
503 843 533 892 ct
556 831 664 912 opimo
688 832 817 895 vincere
839 834 923 896 lerto

149 936 312 1000 Intendit:
336 965 376 977 -
400 933 481 1007 „iam
506 934 619 995 crescit
643 955 741 1017 ager,
766 936 826 997 iam
850 937 963 999 crescit
986 937 1089 1013 ovile,

149 1041 216 1103 Iam
241 1037 388 1112 dabitur,
413 1037 583 1098 iamiam!''
600 1069 648 1087 .-
671 1039 774 1100 donec
797 1041 949 1120 deceptus
973 1051 1005 1102 et
1029 1061 1143 1122 exspes
1232 1043 1276 1103 50

149 1141 370 1225 Nequidquam
394 1139 493 1203 sundo
517 1137 656 1219 suspiret
680 1161 823 1202 nummus
846 1140 876 1202 in
900 1141 977 1205 ima.
1002 1174 1042 1186 —

150 1245 185 1308 Si
206 1244 263 1306 tibi
287 1255 427 1304 crateras
449 1242 575 1326 argenti
596 1241 768 1325 incusaque
791 1242 902 1326 pingui

148 1349 242 1410 Auro
266 1348 348 1408 dona
372 1346 492 1419 leram,
517 1346 608 1405 sudes
632 1355 662 1405 et
685 1356 817 1424 pectore
840 1345 934 1412 laevo

149 1448 301 1511 Excutiat
325 1459 429 1530 guttas
452 1446 562 1508 laetari
586 1447 823 1528 praetrepidum
847 1470 924 1512 cor:

149 1550 236 1613 Hinc
257 1550 335 1612 illud
357 1548 471 1624 subiit,
497 1570 576 1611 auro
600 1571 707 1611 sacras
730 1553 818 1633 quod
841 1564 938 1614 ovato

149 1651 305 1717 Perducis
327 1651 436 1714 iacies.
460 1686 501 1696 -
525 1698 538 1724 „
550 1654 631 1713 Nam
655 1653 771 1714 iratres
795 1653 877 1714 inter
900 1657 1021 1729 aduos,

150 1754 278 1816 Somnia
301 1754 412 1836 pituita
436 1753 492 1836 qui
513 1753 736 1837 purgatissima
760 1753 905 1830 mittunt,

148 1857 319 1937 Praecipui
342 1868 436 1918 sunto
459 1856 563 1938 sitque
585 1856 648 1918 illis
670 1877 764 1918 aurea
788 1858 923 1920 barba.''
947 1889 987 1900 -

92 1984 98 1994 ·
143 1962 271 2030 ‚Aurum
296 1980 369 2021 vasa
393 1961 516 2020 Numae
540 1957 751 2041 Saturniaque
775 1959 897 2040 impulit
920 1982 993 2023 aera

147 2063 360 2145 Vestalesque
384 2082 478 2122 urnas
503 2073 534 2122 et
558 2063 697 2122 'l‘uscum
722 2062 817 2123 fictile
841 2074 951 2125 mutat.

148 2162 178 2226 0
202 2184 320 2224 curvae
342 2164 373 2223 in
395 2172 499 2223 terras
523 2164 643 2223 animae
668 2175 698 2223 et
721 2164 901 2225 caelestium
924 2166 1047 2228 inanes!

148 2264 234 2343 Quid
255 2263 341 2326 iuvat
364 2265 425 2326 hos
447 2263 574 2344 templis
598 2275 727 2326 nostros
749 2265 919 2329 immittere
944 2289 1050 2331 mores

147 2368 191 2428 Et
212 2368 296 2428 bona
320 2368 365 2428 dis
388 2387 428 2428 ex
450 2367 510 2426 hae
532 2366 685 2428 scelerata
709 2368 826 2429 ducere
848 2368 973 2448 pulpa?

147 2469 237 2531 Haec
260 2468 319 2531 sibi
342 2480 500 2550 corrupto
526 2468 639 2530 casiam
663 2467 809 2532 dissolvit
832 2470 943 2544 oliv03

218 2687 259 2736 45.
279 2688 408 2748 Arcessie]
435 2691 503 2734 uus.
527 2701 558 2732 =
579 2689 697 2733 Accersis
720 2690 791 2736 VEA.
842 2688 883 2734 46.
905 2716 937 2724 —
948 2688 1048 2750 foetum
1067 2695 1098 2736 V.
1137 2692 1177 2739 ll.
1199 2697 1272 2739 iuni-

146 2774 202 2804 cum
220 2759 382 2821 inflammas
396 2760 426 2804 Τ.
447 2780 478 2794 -
496 2760 523 2802 in
536 2758 645 2821 flamma
663 2761 691 2802 F.
713 2784 745 2792 —
764 2773 837 2817 quum
851 2759 967 2821 flarnmis
986 2761 1023 2815 (in
1040 2762 1161 2824 flammas
1179 2764 1270 2808 Omnes

146 2829 214 2883 mei.)
234 2826 276 2873 48,
295 2827 420 2887 Attamen]
435 2829 524 2873 Omnes
543 2831 600 2872 mei.
616 2829 651 2872 lb.
663 2848 696 2862 -·
710 2829 790 2872 vivere
804 2830 829 2872 S.
851 2830 887 2872 tu.
898 2855 932 2880 ,-
943 2827 1018 2888 sarto
1028 2833 1054 2878 S.
1067 2845 1189 2886 superscr.
1201 2847 1223 2876 e.
1238 2855 1272 2864 -

138 2894 210 2957 sesto
234 2900 264 2941 V.
334 2897 375 2943 49.
398 2920 426 2929 -
450 2897 561 2941 intendis
590 2899 625 2940 M.
666 2895 706 2942 50.
736 2919 763 2928 -
785 2912 879 2955 expers
908 2900 956 2943 TS.
996 2901 1056 2944 ltem
1080 2902 1110 2944 tt.
1136 2903 1160 2943 in
1187 2915 1267 2957 marg.

147 2966 189 3015 51.
210 2965 331 3024 suspiret]
351 2967 440 3010 Omnes
464 2968 511 3010 mei
532 2990 558 3000 -
590 2981 706 3010 nantinus
725 2967 838 3022 suspiret
859 2968 889 3012 T.
912 2991 941 3000 —
962 2983 1079 3012 rtummus
1090 2966 1175 3027 fando
1193 2983 1266 3027 σαψ.

145 3038 182 3080 M.
220 3034 605 3094 52.-ineussaquellVSAM.
643 3033 684 3080 54.
705 3034 1266 3083 -Exeatias'1¹VA.-ExcutiesRESM.

146 3106 183 3149 lb.
200 3102 302 3162 laetari]
322 3105 395 3148 Tun.
416 3125 449 3136 -
467 3106 576 3148 laetatur
593 3105 690 3148 RESM.
711 3129 744 3138 -
759 3119 807 3161 per
826 3106 950 3162 trepidum
974 3109 1004 3151 T.
1044 3107 1086 3152 55.
1108 3131 1139 3140 -·
1158 3108 1217 3150 illut
1234 3110 1269 3152 V.

146 3175 183 3218 lb.
203 3170 291 3230 subiit]
311 3174 401 3218 Omnes
420 3174 476 3216 inei.
497 3195 528 3208 -
546 3173 627 3217 subito
641 3174 701 3216 Cod.
715 3176 796 3218 Paris.
837 3173 877 3219 61.
898 3177 924 3219 in
943 3174 1038 3233 terras]
1058 3177 1166 3223 Lactant.
1186 3175 1220 3230 2,
1241 3175 1267 3221 2.

146 3246 242 3300 „Vetus
264 3245 386 3297 exemplar
406 3242 464 3300 legit
481 3243 508 3286 in
526 3249 623 3296 terras,
644 3243 806 3299 quodprobat
823 3244 981 3289 Ascensius.”
1017 3245 1270 3303 r'oquettn.inCuris
1341 3279 1347 3296 .

147 3328 195 3359 sec.
216 3312 390 3356 -interris
415 3312 504 3356 Omnes
525 3313 581 3356 mei.
633 3309 674 3356 62.
706 3312 774 3356 iurat
791 3309 847 3371 iios]
866 3314 957 3358 RSVA.
982 3338 1010 3347 -
1030 3312 1157 3358 iuratitoe
1177 3315 1231 3358 Tv.

149 3405 298 3417 ——9

216 3463 258 3511 45.
277 3465 397 3510 Accersis
416 3480 439 3520 p.
471 3461 513 3509 47.
532 3479 607 3523 quum
625 3465 653 3508 in
666 3464 780 3526 flammis
798 3465 842 3508 rP.
877 3462 917 3508 48.
939 3463 972 3508 Et
989 3471 1071 3508 tamen
1093 3466 1135 3508 rP.
1169 3461 1269 3509 51.sa-

144 3538 268 3595 spirate.
312 3532 354 3580 54.
375 3533 546 3578 ExcutiaeP.
597 3530 639 3578 55.
659 3533 789 3578 subitow.
834 3532 875 3578 61.
896 3535 923 3578 in
944 3535 1083 3589 terr-ispP.
1140 3531 1182 3577 62.
1203 3533 1271 3595 Quid

104 3648 106 3654 .
144 3609 212 3652 iurat
228 3603 274 3649 hoc
286 3636 292 3660 ,
312 3604 412 3662 templis
429 3618 451 3648 r.

216 3756 258 3804 56.
278 3756 343 3802 Nam
355 3753 457 3814 fratres
477 3756 543 3798 inter
561 3753 649 3812 ainos]
669 3757 750 3800 Aaron
774 3758 860 3810 tradit,
892 3759 955 3813 quod
981 3758 1004 3799 in
1029 3756 1121 3809 porticu
1147 3754 1269 3808 Apollinis

145 3829 247 3873 Palatini
268 3829 365 3872 fuerunt
388 3827 519 3869 Danaidum
546 3825 638 3884 effigies
663 3831 686 3869 et
707 3831 849 3871 contraeas
874 3827 917 3869 sub
937 3827 991 3868 divo
1016 3825 1115 3868 totidem
1143 3829 1269 3880 equestres

145 3896 251 3941 filiorum
266 3898 376 3956 Aegypti.
413 3896 451 3939 Ex
473 3897 503 3940 iis
529 3900 608 3938 autem
631 3896 716 3938 statuis
737 3897 852 3952 quaedam
873 3894 1013 3938 dicebantur
1030 3893 1206 3947 postulantibus
1225 3906 1269 3947 pet·

147 3980 257 4010 somnum
277 3969 332 4011 dare
350 3968 455 4009 oracula.
508 3962 548 4009 59.
570 3962 739 4023 Saturniaque
760 3965 858 4019 impulit
879 3961 951 4020 aera]
970 3963 1019 4006 Aes
1042 3963 1064 4006 iu
1086 3964 1144 4007 aede
1170 3962 1270 4007 Saturni

146 4035 306 4089 condebatur,
326 4037 431 4079 noudum
449 4039 549 4094 argento
562 4042 669 4090 auroque
688 4035 790 4095 signato.
829 4033 894 4076 Unde
913 4032 1043 4075 aerariam
1063 4045 1149 4075 nomen
1166 4031 1268 4086 accepit.

147 4107 202 4150 Fuit
215 4109 292 4149 autem
308 4106 370 4149 assis
388 4105 495 4159 libralis,
517 4109 541 4148 et
556 4105 697 4159 dipondius3
717 4104 779 4159 quod
796 4102 864 4144 bodie
884 4103 907 4144 in
926 4115 969 4145 usu
990 4102 1117 4148 remansit.
1155 4100 1187 4143 Et
1205 4102 1270 4144 sole·

146 4177 187 4218 bat
205 4175 300 4230 pensari
315 4175 394 4229 potius
414 4189 484 4231 quam
499 4175 635 4218 numerari:
657 4174 716 4217 unde
733 4176 756 4215 et
768 4170 957 4227 dispensatores
974 4171 1029 4214 dicti
1048 4183 1092 4224 pro
1111 4175 1269 4228 erogatores.

147 4243 194 4302 (De
211 4245 313 4288 Cusaulr.
335 4246 398 4288 coni.
418 4245 484 4288 lleiz.
507 4267 526 4276 -
551 4242 576 4286 d.
593 4247 776 4300 prorogatores
794 4239 850 4297 (sic)
869 4239 949 4293 Pith.)
