2782 4762
136 181 200 246 ete

200 343 245 405 Et
266 340 358 424 pueri
380 363 488 405 nasum
511 339 727 406 rhinocerotis
748 343 879 405 habeut.

136 445 287 507 Audieris
310 467 406 529 qrrom
430 448 550 530 grande
573 447 714 527 sophos,
739 447 812 508 dum
836 443 923 508 basia
946 455 1074 527 captas,

199 547 266 610 Ibis
289 550 329 609 ab
351 568 488 611 exerrsso
512 548 624 610 missus
645 546 677 609 in
700 557 784 609 astra
807 568 902 630 sago.

137 648 200 712 Sed
224 662 281 725 tu,
306 670 345 713 ne
368 649 464 713 toties
487 650 606 714 domiui
628 648 751 730 patiare
774 649 905 725 lituras,

200 755 292 817 Neve
314 764 404 816 notet
426 753 512 815 hrsus
535 751 635 815 tristis
660 753 781 814 arundo
803 762 897 829 tuos,

135 856 325 930 Aetherias,
350 854 487 930 lascive,
512 854 601 937 cupis
626 855 761 918 volitare
781 875 841 936 per
863 874 984 917 muas:

198 959 234 1035 l,
256 959 353 1044 iuge3
375 960 432 1022 sed
453 969 584 1041 poteras
606 956 708 1021 tutior
730 977 799 1020 esse
820 949 922 1019 dorni.

434 1101 495 1163 LI·
518 1097 696 1161 Eiusdem.
734 1097 791 1173 (L.
817 1096 849 1158 d.
873 1099 962 1173 tot.)

133 1211 193 1275 ltta
218 1232 326 1273 manus
349 1212 506 1293 quondam
530 1207 706 1272 studiorum
731 1208 792 1270 fida
816 1229 960 1271 meorum

199 1315 243 1375 Er
264 1312 342 1375 felix
367 1310 497 1374 domino
519 1320 658 1394 uotaque
681 1308 894 1385 Caesaribus,

133 1415 288 1482 Destituit
310 1414 430 1496 primos
454 1412 561 1474 viridis
584 1413 766 1476 Demetrius
791 1433 909 1485 aunos;

198 1518 319 1597 Quarta
342 1516 445 1578 tribus
466 1514 575 1576 lustris
598 1514 699 1576 addita
724 1513 835 1576 messis
858 1524 941 1579 erat.

132 1621 184 1684 Ne
207 1630 309 1680 tamen
333 1620 373 1680 ad
396 1616 523 1701 Stygias
547 1615 682 1678 famulus
706 1619 911 1679 descenderet
934 1619 1080 1694 umbras,
1237 1621 1256 1681 5

198 1722 316 1786 Ureret
336 1719 521 1800 implicitum
545 1741 641 1801 quom
663 1719 816 1782 scelerata
839 1721 926 1795 lues,

132 1822 304 1898 Cavimus,
330 1834 361 1885 et
385 1823 502 1885 domini
524 1822 573 1885 ius
596 1830 689 1885 omne'
711 1821 887 1884 remisimus
910 1842 1031 1906 aegr0;

195 1927 335 1988 Munere
357 1925 474 2009 dignus
495 1934 562 1986 erat
585 1923 786 1987 convaluisse
812 1946 894 1988 meo.

133 2028 240 2090 Sensit
263 2025 414 2090 ‹leticiens
436 2049 491 2089 sua
516 2027 653 2108 praemia
677 2049 792 2112 meque
815 2037 986 2108 patronum

193 2128 301 2205 Dixit,
325 2131 365 2191 ad
386 2128 525 2190 infernus
548 2128 629 2191 liber
651 2128 752 2191 iturus
776 2151 887 2213 aquas.

432 2252 514 2313 LII.
537 2248 714 2316 Eiusdem.
748 2251 807 2327 (L.
831 2250 864 2312 2.
888 2250 936 2328 8.)

131 2361 165 2425 Si
189 2382 252 2444 qua
276 2358 467 2422 ridebuntur
487 2359 606 2423 chartis
628 2361 703 2439 tibi,
727 2361 852 2438 lector,
877 2360 1000 2425 inistis

198 2462 275 2525 Sive
298 2464 435 2523 obseura
459 2461 550 2535 nimis
572 2463 640 2526 sive
663 2464 778 2526 Latina
801 2485 934 2545 parum,

111 2569 205 2646 ¹Non
230 2586 318 2627 meus
340 2574 388 2626 est
411 2584 524 2638 error;
548 2566 657 2628 nocuit
679 2566 828 2629 librarius
850 2565 934 2643 iltis,

193 2667 276 2730 Dum
300 2677 462 2749 properat¹
478 2688 588 2728 versus
613 2689 821 2731 annumerare
843 2669 913 2732 tibi.

130 2771 227 2850 Quod
251 2769 277 2831 si
300 2789 363 2830 non
388 2768 493 2843 illum,
520 2770 575 2830 sed
597 2778 653 2831 me
669 2791 817 2850 peccasse
839 2769 985 2852 pertabis,

195 2874 288 2933 'l'unc
311 2867 374 2954 ego
396 2882 428 2931 te
451 2872 576 2932 credam
600 2870 707 2934 cordis
730 2874 849 2934 habere
873 2872 963 2935 nihil.

128 2973 217 3048 „Ista
241 2983 346 3056 tamen
370 2972 451 3033 maia
472 2971 581 3035 sunt.''
626 2973 726 3052 Quasi
749 2995 808 3036 nos
832 2972 994 3035 manifesta
1016 2993 1190 3058 negemus:

193 3076 283 3138 Haeo
305 3075 386 3137 mala
410 3087 502 3149 sunt;
525 3076 582 3137 sed
604 3087 637 3137 tu
660 3095 725 3138 non
747 3075 880 3138 meliora
902 3074 997 3139 facis.
1036 3114 1039 3119 >

405 3196 505 3261 LIII.
543 3193 722 3259 Eiusdem.
761 3197 817 3275 (L.
842 3196 874 3258 2.
898 3195 968 3275 dd.)

127 3306 212 3372 Dum
236 3308 333 3369 modo
358 3300 569 3382 causidicum,
594 3309 666 3368 dum
690 3317 720 3369 te
743 3308 839 3370 modo
862 3308 996 3370 rhetora
1018 3306 1114 3393 fingis

190 3411 233 3471 Et
256 3430 320 3473 non
344 3408 507 3483 decernis,
533 3410 662 3484 Tauro,
688 3407 857 3492 quidesse
881 3410 981 3487 vetis,

127 3511 248 3577 Peleos
271 3521 303 3573 et
325 3502 447 3574 Priami
468 3509 582 3572 transit
607 3511 656 3572 rel
681 3511 828 3574 Nestoris
851 3522 937 3574 aetas

193 3616 237 3678 Et
259 3613 365 3676 fuerat
385 3635 491 3676 serum
513 3604 573 3674 inm
597 3610 655 3675 tibi
678 3612 838 3677 desinere.

128 3715 260 3797 Incipe,
285 3718 365 3795 (tres
386 3737 450 3779 uno
473 3715 636 3797 perierunt
658 3718 807 3778 rhetores
831 3716 957 3795 anno,)

190 3819 224 3881 Si
247 3818 322 3902 quid
343 3819 441 3880 habes
463 3817 574 3894 animi,
599 3817 625 3879 si
647 3817 722 3900 quid
744 3817 776 3878 in
799 3827 868 3879 arte
890 3818 992 3880 vales.

128 3919 163 3981 Si
184 3920 295 3983 schola
317 3923 500 3994 damnatur,
524 3918 597 3983 fora
620 3917 726 3980 litibus
750 3917 855 3981 omnia
877 3919 1023 3994 ferreum

189 4021 266 4102 Ipse
287 4033 397 4103 potest
417 4020 488 4084 fieri
510 4021 646 4100 Marsya
667 4019 857 4083 causidicus.

125 4122 185 4188 Eia
210 4143 288 4206 age,
312 4143 424 4204 rumpe
448 4144 572 4196 nroras;
597 4142 662 4206 quo
686 4133 717 4184 te
739 4122 938 4204 sperabimus
961 4121 1087 4208 usquc?

189 4223 297 4302 Dum,
323 4226 398 4308 quid
418 4224 480 4315 sis,
505 4226 647 4312 dubitas,
671 4222 734 4287 iam
756 4236 851 4306 potes
874 4247 943 4289 esse
965 4226 1057 4317 nihii.
1209 4227 1250 4290 1⁰
