2782 4762
105 128 107 133 ’
182 169 244 233 ιιι

245 325 295 390 Sit
315 326 410 403 satis,
434 335 566 392 ornatus
590 325 929 405 dissoluisse.eoauae;

181 427 229 494 Sit
250 428 397 502 lacrimas
420 428 559 495 movisse
580 429 683 495 salisa
706 439 820 515 quater
840 430 895 494 ille
916 432 1047 508 beatus,
1131 467 1132 470 ι

244 531 320 612 Quo
342 542 451 595 tenera
472 530 658 597 irato.flere
680 530 786 614 puella
808 542 930 615 potest.
952 582 970 616 Ι.
1049 582 1052 588 .
1183 590 1220 615 .,.

181 635 245 698 Sed
267 632 411 697 manibus
435 632 491 716 qui
511 653 627 697 saevus
650 631 731 710 erit,
754 642 943 717 seruumque
962 636 1140 720 sudemque
1259 634 1304 697 ⁶5

243 737 277 800 Is
300 746 392 820 gerat
414 746 445 798 et
466 733 534 804 miti
555 734 597 798 sit
618 734 735 817 procul
756 756 774 797 a
797 735 962 803 Venere..
1217 741 1220 748 '

181 839 227 903 At
249 837 364 916 uobis,
387 836 581 913 Paralius,
606 835 677 900 veui
701 834 886 922 spicamque
908 849 1035 915 tereto,

135 1026 147 1038 ἱ
243 939 387 1006 Perfluat
409 951 441 1003 et
462 937 569 1022 pomis
590 937 740 1002 candidus
762 949 833 1003 aule
855 938 961 1004 sinuas!
1065 992 1067 996 ,

492 1123 909 1215 ,L¹³⁸111·.ELEG1A
931 1125 962 1204 I.
1016 1198 1020 1209 ¹

181 1245 334 1333 Quisquis
357 1247 461 1323 adest,
484 1244 611 1309 valeat:
635 1244 746 1329 satages
769 1245 940 1309 lustramus
961 1255 994 1310 et
1015 1267 1136 1330 egros,

244 1349 340 1413 Ritus
363 1359 397 1411 ut
419 1368 436 1410 a
460 1346 571 1430 priseo
594 1346 855 1416 traditusexstat
877 1367 953 1415 auu.

182 1451 310 1514 Bacche
331 1448 422 1526 veni,
446 1447 611 1532 dulcisque
630 1446 695 1519 tuis
716 1467 735 1522 e
757 1446 911 1515 coraibus
933 1470 996 1513 uva

208 1553 387 1617 ·Peudeat
409 1562 441 1615 et
462 1549 560 1633 spicis
582 1560 730 1631 tempora
752 1547 864 1635 cinge,
890 1549 1004 1631 Ceres.
1061 1596 1064 1602 .
1112 1608 1116 1615 ,
1203 1612 1207 1621 ‚

180 1657 272 1719 Luce
291 1672 382 1718 saera
402 1651 586 1738 requieseat?
603 1652 738 1728 humus,
762 1651 943 1736 requieseat
964 1638 1073 1718 arator
1109 1704 1111 1709 .

243 1758 288 1821 Et
308 1776 409 1842 grave
432 1774 587 1837 suspenso
608 1773 741 1824 voluere
764 1764 869 1817 cesset
893 1774 990 1838 epus.

181 1858 306 1923 Solvite
328 1857 433 1922 vinela
454 1856 555 1942 iugis;
578 1876 662 1928 nune
686 1856 726 1918 ad
741 1854 913 1938 ‚praesepia
935 1858 1051 1920 debeat
1147 1917 1149 1922 2

243 1961 343 2026 Plena
367 1970 534 2036 coronato,
547 1969 634 2022 stare
658 1959 762 2022 boves
783 1959 903 2041 eapite.

184 2061 307 2129 Omnia
322 2063 385 2125 siut
406 2071 548 2145 operata
563 2063 644 2136 detra
668 2081 733 2124 noa
753 2063 867 2131 audeat
887 2061 951 2126 ulla

243 2164 419 2229 Lanificam
440 2161 548 2247 pensis
569 2161 761 2246 imposuisse
784 2184 923 2246 mauram.
1178 2200 1181 2207 ·
1259 2166 1299 2226 40

180 2270 253 2333 Vos
275 2287 406 2352 quoque
428 2268 541 2333 abesse
562 2265 679 2347 procul
698 2263 813 2342 iubeo,
838 2263 981 2330 discedat
1004 2268 1044 2330 ab
1065 2264 1149 2342 aris,
1197 2298 1199 2302 ·

244 2368 308 2435 Cui
329 2367 401 2431 tulit
423 2368 569 2431 hesterna
582 2365 707 2452 gaudia
730 2377 834 2457 noete
849 2368 975 2433 Venus

181 2471 278 2538 Casta
300 2472 428 2555 placent
449 2467 607 2553 Superis,
618 2488 707 2551 pura
728 2490 799 2543 eum
823 2480 912 2533 veste
933 2470 1040 2535 venite
1125 2510 1127 2514 ,

245 2576 289 2639 Et
310 2573 452 2637 manibus
475 2570 564 2655 puris
586 2570 698 2634 statuite
719 2570 820 2635 fontis
832 2592 971 2657 aqttaau.
1198 2636 1208 2646 ¹,
1237 2636 1240 2642 .

185 2675 337 2753 Cernite,
360 2661 522 2760 fulgentes
547 2686 581 2739 ut
602 2685 653 2736 est
675 2694 766 2736 sacer
787 2694 889 2758 agnus
915 2676 956 2737 aul
976 2695 1055 2742 aras,
1167 2729 1171 2741 2
1262 2679 1302 2740 45
1384 2703 1389 2714 ’

245 2778 430 2864 Vinctaque
452 2788 534 2860 post,
547 2776 620 2842 olea
641 2775 778 2842 eandida,
793 2777 1032 2847 turbaremus.
1131 2831 1134 2837 .

180 2882 223 2947 Di
246 2880 363 2965 patrii,
387 2901 562 2966 purgamus
583 2899 700 2965 agros,
724 2899 899 2963 purgamus
920 2891 1087 2964 agrestess

244 2985 319 3051 Vos
341 2984 421 3058 mala
443 2985 481 3046 de
504 2981 622 3059 nostris
642 2979 750 3064 pellite
772 2979 943 3056 limitibus3

182 3089 256 3151 Neu
278 3106 371 3170 seges
395 3086 500 3149 eludat
523 3104 656 3149 messem
677 3083 844 3147 fallacibus
865 3084 998 3163 herbis,

248 3189 320 3252 Neu
343 3187 451 3250 timeat
473 3181 739 3250 eeteres'tardior
761 3205 845 3268 agua
865 3187 973 3269 lupos.
1084 3231 1098 3255 ,
1260 3191 1303 3253 20

183 3293 276 3355 Tuane
297 3288 414 3353 nitidus
433 3289 535 3373 plenis
558 3288 698 3354 conlisus
719 3280 858 3351 rusticus
880 3289 965 3372 agris
1233 3294 1236 3299 “

234 3489 277 3542 ⁶2.
308 3497 415 3538 eruatur
433 3517 443 3527 -
461 3516 471 3528 ·
489 3504 575 3536 casuue
594 3503 648 3537 eum
666 3488 725 3534 Celsi.
755 3490 787 3535 V.
807 3489 849 3533 W.
873 3489 904 3534 B.
927 3490 956 3535 L.
981 3514 1015 3526 ·-·
1032 3497 1138 3537 ornatae
1155 3515 1167 3530 ι
1186 3515 1196 3528 ·
1214 3504 1302 3538 rosnae

181 3552 350 3609 eumalii'sll.
406 3558 453 3615 64.
474 3559 527 3621 Quo
545 3558 605 3606 044.
628 3560 671 3603 W.
686 3557 808 3602 Μ·
775 3557 892 3619 -Ques'
909 3560 937 3604 de
956 3559 1055 3606 Duuzas
1074 3562 1138 3606 caui.
1152 3562 1236 3606 V.-
1256 3559 1304 3607 Cati

181 3633 212 3677 44.
286 3629 326 3676 48.
343 3643 376 3689 pe
378 3603 539 3693 rflauibirbi
558 3631 677 3694 plerique.⁸
693 3628 735 3672 W.
759 3627 865 3674 Kttnaw.
883 3630 914 3678 ll
933 3629 963 3675 1,
982 3629 1116 3694 -prufiu
1101 3630 1203 3675 uutalii
1223 3630 1302 3676 Cata.

180 3702 255 3747 Pure.
274 3703 306 3745 V.
326 3699 613 3762 B.-1›a·suuafluutalii
632 3687 709 3745 cola.
728 3696 828 3746 mihera
843 3697 971 3744 adllorat.
988 3698 1018 3745 C.
1033 3697 1063 3754 4,
1085 3697 1115 3754 4,
1137 3696 1179 3745 40.
1198 3712 1302 3760 -per·

177 3770 253 3827 pla-at
264 3770 348 3815 Herus
362 3769 425 3814 roui.
447 3769 645 3824 seruaturum.

497 3918 512 3939 „
598 3875 708 3924 uum
744 3874 891 3938 serua
966 3853 992 3922 .'

234 3970 345 4017 Tibullus
367 3973 397 4016 ad
422 3972 571 4028 praediolum
592 3984 663 4017 ιιιιιιι
688 3986 802 4021 reversus
829 3986 943 4032 agrorum
963 3976 988 4018 et
1010 3971 1107 4032 leugam
1130 3973 1300 4018 lustrationem

182 4055 204 4086 s.
224 4053 321 4086 sacrum
339 4040 475 4086 ambaraale
491 4042 608 4094 instituit,
639 4043 701 4099 quad
718 4043 805 4102 singuli
820 4041 1005 4098 patresfamilias
1026 4039 1051 4085 ia
1071 4042 1135 4087 aaals
1151 4042 1202 4086 suls
1220 4043 1302 4097 priva·

181 4109 225 4155 tim
252 4108 388 4154 celebrasse
414 4111 524 4155 rideatur
538 4123 621 4157 meuse
635 4111 714 4167 Aprili
733 4111 766 4167 (ι.
784 4113 857 4159 Voss.
876 4114 906 4157 ad
920 4112 991 4169 virg.
1011 4109 1058 4155 Ge.
1081 4107 1113 4166 4,
1133 4104 1206 4166 438.)
1241 4111 1303 4155 Fra-

181 4183 233 4223 tres
249 4191 308 4223 tero
327 4177 431 4223 Arvales
453 4179 512 4225 xll.
525 4181 663 4237 -qaautauuis
678 4179 771 4236 publice
781 4179 937 4227 sacrificium
952 4180 1019 4225 Deae
1035 4179 1095 4224 Diae
1114 4177 1235 4236 (Cereris)
1259 4192 1303 4234 per

182 4247 289 4295 triduum
308 4246 478 4303 celebrabant,
510 4249 586 4305 ΠΙ,
619 4248 680 4296 1th
697 4253 722 4296 et
740 4249 812 4296 xltt.
832 4252 869 4296 vel
888 4251 938 4306 vt,
957 4250 992 4297 lv
1014 4253 1039 4295 et
1057 4247 1103 4294 ut.
1124 4248 1182 4295 Kal.
1202 4248 1257 4296 lua.
1275 4261 1299 4294 r.
