2782 4762
157 178 222 240 2⁶0

389 338 452 403 VI·
495 333 630 400 Lucilii,
673 333 949 412 (anatome.
974 335 1064 410 108.)
1132 352 1135 357 ·
1225 334 1229 343 ’

204 466 338 542 Virtus,
362 465 499 540 Albine,
524 477 572 528 est
593 463 731 547 pretium
753 452 942 546 persolvere
965 486 1100 540 venum,

162 568 261 650 Queis
284 568 315 630 in
338 589 521 643 versamur,
546 567 637 650 queis
660 567 812 643 vivimu',
836 567 927 629 nebu'
951 578 1095 649 potesse:

160 669 276 735 Virtus
299 680 348 731 est
370 665 490 732 bomini
512 668 596 732 seire
617 669 669 744 iu,
694 671 781 752 quml
802 690 951 752 quaeque
972 671 1085 732 habeat
1108 691 1174 734 nes.

158 771 277 835 Virtus
299 771 382 834 seire
404 769 525 835 homini
546 782 687 848 reettun,
712 771 808 846 utile,
832 771 907 852 quid
930 769 971 832 sit
995 773 1184 836 honestumt

158 875 265 956 Quae.
287 875 394 950 bona,
432 893 513 958 quae
546 872 647 950 mala,
684 872 759 935 item
793 872 868 956 quid
901 873 1032 948 inutile,
1071 885 1188 957 turpe,
1249 922 1252 927 -

169 998 175 1007 ·
836 976 1063 1038 inhonestum:
1223 1018 1228 1026 ·
1270 980 1289 1041 5

159 1078 275 1141 Virtus
299 1080 496 1162 quaerendae
518 1077 612 1140 finem
634 1077 683 1140 rei
705 1077 788 1141 seire
810 1080 1028 1162 modumque:

157 1181 275 1244 Virtus
298 1179 414 1243 divitiis
436 1179 573 1264 pretium
595 1180 784 1263 persolvere
806 1201 914 1262 posse.

158 1283 276 1345 Virtus
298 1282 329 1344 id
351 1285 446 1358 dane,
470 1284 558 1365 quod
579 1281 684 1362 reipsa
707 1284 841 1345 debetur
863 1282 1005 1356 honori,

158 1384 297 1447 Hostem
312 1404 381 1445 esse
397 1394 491 1466 atque
507 1383 665 1446 inimicum
681 1384 841 1446 hominum
860 1407 1048 1468 morumque
1064 1387 1244 1450 malorum:

159 1485 303 1560 Contra,
328 1485 529 1548 defensorem
551 1485 712 1548 hominum
736 1507 925 1568 morumque
948 1490 1131 1561 bonorum-3
1243 1494 1289 1552 10

159 1586 376 1669 Magnificam
398 1589 475 1661 hos,
500 1586 549 1648 his
571 1589 650 1650 bene
674 1589 773 1664 veile,
799 1588 847 1651 bis
870 1589 981 1651 vivere
1004 1589 1159 1664 amicum

160 1689 340 1753 Cuuunoda
362 1698 532 1770 praeterea
556 1689 669 1770 patriai
691 1691 794 1771 prima
815 1702 948 1772 putare,

158 1791 283 1857 Deinde
305 1802 495 1873 parentum,
520 1791 612 1854 tentia
636 1791 696 1853 iam
719 1803 944 1878 postremaque
967 1805 1090 1858 nostra.
1155 1870 1158 1875 ι

234 1957 515 2059 V110'0iazetliae
536 1958 775 2043 Epitaphium.
812 1959 965 2038 (Antbol.
990 1962 1033 2023 L.
1058 1963 1090 2023 lt.
1116 1963 1206 2036 117.)

200 2091 350 2170 Hospes,
375 2093 464 2172 quod
486 2089 597 2163 deice,
621 2088 762 2170 paullum
785 2100 851 2164 est3
876 2101 958 2166 asta,
984 2111 1021 2150 ae
1042 2081 1188 2174 pelleget

157 2190 243 2253 Heie
264 2202 311 2254 est
333 2191 514 2272 sepulcrum
536 2192 617 2254 hau!
642 2192 787 2272 pulcrum
810 2191 935 2272 pulerai
957 2191 1107 2254 sentinae.

155 2282 282 2357 Nomen
306 2305 453 2374 parentes
477 2292 678 2356 nominarunt
703 2288 888 2369 Claudiam,

158 2396 257 2458 Suom
282 2386 448 2458 maeeitunn
471 2397 570 2458 eorde
593 2395 722 2458 deilexit
745 2416 841 2458 souo.

157 2498 283 2575 Gnate-s
307 2499 388 2560 duos
411 2495 553 2571 creavit,
577 2497 712 2581 berune'
736 2497 869 2559 alterum

159 2599 199 2661 ln
223 2610 308 2661 tenna
331 2599 463 2682 linquit,
489 2599 583 2660 alium
607 2601 666 2659 sub
689 2609 776 2663 tenna
798 2600 904 2664 locat:

157 2701 463 2782 Sermonelepido,
487 2712 552 2763 ιιιιιι
575 2712 679 2763 autem
702 2701 828 2763 incessu
850 2706 1041 2766 commodo:

155 2804 296 2867 Domum
319 2803 481 2879 servavit,
505 2803 609 2886 lanam
631 2803 721 2867 feeit.
764 2802 862 2882 Dixi,
887 2805 971 2868 abei.

183 3028 187 3035 .
271 2973 372 3037 VIII.
406 2973 445 3036 0.
468 2970 551 3036 Iulii
572 2970 747 3035 Caesaris.
781 2970 998 3050 (namotn.
1022 2973 1054 3035 2.
1079 2973 1169 3051 221.)

200 3098 254 3158 Τιι
277 3115 422 3180 quoque,
448 3106 483 3157 tu
505 3095 535 3157 in
557 3094 703 3171 summis,
729 3116 750 3160 ο
772 3096 931 3160 dimidiata
954 3099 1159 3173 Menander,

156 3197 317 3272 Poneris,
341 3209 372 3260 et
395 3197 530 3273 merito,
554 3197 627 3278 puni
649 3199 806 3263 seimonis
829 3210 966 3261 amator.

99 3374 102 3378 Δ
156 3298 302 3360 Lenibus
324 3293 421 3382 atque
444 3298 561 3360 utinam
580 3297 900 3381 'seriptis'eoniuneta
922 3301 1009 3367 foret
1032 3301 1098 3378 vis,
1123 3312 1126 3317 '

157 3399 291 3464 Comiea
313 3412 348 3463 ut
370 3411 506 3483 aequato
529 3401 632 3464 virtus
652 3402 794 3484 polleret
816 3405 940 3468 honore

158 3502 241 3566 Cum
265 3502 398 3566 Graecis
420 3524 524 3588 neque
546 3502 578 3565 in
599 3505 657 3565 hae
679 3507 846 3586 despectus
869 3517 962 3586 parte
983 3505 1122 3568 iaceres.
1259 3507 1279 3568 5

156 3607 263 3672 Unum
285 3606 348 3670 hoe
370 3625 517 3670 maceror
538 3617 570 3670 et
592 3606 688 3670 doleo
710 3607 768 3669 tibi
790 3609 897 3683 desse,
921 3607 1066 3671 Terenti.
1152 3664 1155 3669 .

225 3828 270 3871 Vi.
301 3822 325 3870 1.'
353 3817 453 3884 Albine]
474 3826 525 3881 ἐμ.
551 3827 689 3870 Postumius
712 3826 813 3871 Albinus
837 3829 921 3872 consul
940 3841 963 3871 a.
984 3841 1008 3872 ιι.
1028 3841 1049 3871 e.
1072 3823 1131 3872 ⁶05,
1170 3826 1212 3875 12.
1229 3844 1279 3886 pe·

90 3899 93 3904 '
147 3893 221 3940 arieti
241 3893 336 3952 prima]
364 3897 404 3939 Sic
428 3896 464 3939 10.
485 3896 558 3940 Mieh.
580 3896 742 3949 Heusingeeus
761 3897 783 3939 in
802 3897 855 3940 Aet.
876 3899 931 3940 Soc.
952 3897 1006 3943 Lat.
1029 3898 1078 3940 len.
1101 3896 1123 3939 1.
1146 3910 1168 3949 ιι.
1191 3896 1232 3942 65.
1255 3905 1279 3943 et

156 3965 273 4011 Ferme
297 3966 359 4008 Cod.
384 3965 457 4009 Goth.
478 3970 502 4009 et
521 3965 565 4008 Ed.
584 3964 717 4018 uostoch„
746 3967 768 4008 in
794 3967 878 4022 quibus
897 3971 934 4010 est
948 3967 1050 4024 patriae
1066 3965 1159 4022 prima.
1197 3969 1278 4025 Vutgo

155 4033 257 4091 patriae
274 4033 325 4076 eibi
338 4033 433 4090 prima.
480 4035 536 4077 VH.
556 4034 599 4078 Est
617 4035 690 4078 seculi
710 4035 771 4077 sexti
791 4040 845 4088 post
864 4049 886 4078 ιι.
907 4050 929 4079 e.
966 4036 1035 4079 vut.
1056 4033 1081 4078 3.
1101 4035 1156 4088 eia,
1176 4032 1280 4080 Comt'cee

156 4105 238 4147 virtue
264 4114 294 4144 ει
316 4101 400 4146 wouu
424 4108 448 4146 et
465 4104 584 4151 viscontii
602 4104 764 4153 distinctione.
792 4104 829 4147 eia
848 4100 965 4158 Caenica,
991 4105 1071 4148 virtue
1089 4105 1194 4160 Bnnm.;
1215 4108 1278 4149 unde

157 4171 348 4217 celebratissima
368 4171 409 4214 itta
427 4172 464 4215 via
481 4173 578 4216 comice
596 4173 688 4217 Latinis
707 4172 787 4228 ignota
815 4173 883 4216 fluxit
900 4174 924 4217 in
943 4178 1026 4220 nostra
1043 4173 1193 4218 Aestbetiees
1211 4187 1279 4218 cout-

155 4243 251 4297 peudia,
289 4238 342 4284 err.
362 4240 477 4297 Meiuekii
495 4238 615 4289 Menund.
635 4256 659 4299 p.
679 4241 803 4287 xxxvt.
