2782 4762
132 190 193 254 198

133 352 163 416 0
187 350 283 425 lane,
310 370 325 411 a
349 359 443 432 tergo
468 366 560 431 quem
583 345 667 409 nulla
692 344 812 409 ciconia
834 340 949 429 pinsit,

130 455 202 516 Neo
224 470 349 525 manus,
374 450 533 513 auriculas
556 448 670 511 imitari
693 448 819 512 mobilis
842 448 952 523 albas,

131 558 204 617 Nec
226 534 372 637 linguae,
396 563 548 635 quantum
572 550 656 614 sitiat
678 549 765 613 cauis
789 550 939 632 Appula,
963 555 1101 615 tautum!
1211 554 1254 614 60
1298 630 1301 635 ¹

130 658 223 732 Vos,
248 677 267 719 o
289 654 444 737 patricius
468 653 618 736 sanguis,
643 674 724 736 quos
749 651 858 715 vivere
879 652 928 716 fas
950 664 998 717 est

129 757 270 841 O'ccipiti
293 776 407 831 caeco,
433 755 575 838 posticae
599 754 758 818 occurrite
780 759 914 819 sannae!
938 790 972 801 —

130 860 234 941 „Quis
257 856 369 940 populi
393 879 498 921 sermo
522 856 619 920 est?'’
642 889 683 899 -
707 855 787 938 Quis
803 856 908 920 enim?
931 857 992 920 nisi
1008 856 1143 921 carmina
1161 857 1253 923 molli

128 964 224 1027 Nunc
248 963 370 1023 demum
392 980 526 1023 numero
550 959 667 1033 fluere,
692 968 727 1020 ut
747 980 807 1040 per
829 959 900 1022 leve
923 981 1055 1023 severos

128 1065 282 1127 Effundat
302 1062 446 1125 iunctura
471 1082 609 1146 ungues3
634 1060 694 1123 scit
714 1063 844 1125 tendere
867 1082 993 1124 versum
1116 1082 1119 1089 ·
1210 1062 1251 1122 65

129 1168 206 1229 Non
229 1186 339 1240 secus,
366 1185 403 1225 ac
425 1163 452 1225 si
475 1165 570 1227 oculo
594 1163 753 1226 rubricam
777 1164 893 1247 dirigat
916 1186 993 1228 erno.

129 1268 204 1333 Sive
227 1288 308 1347 opus
331 1267 363 1328 iu
385 1287 511 1339 mores,
535 1266 567 1327 in
588 1267 719 1342 luxum,
745 1265 776 1326 in
799 1265 932 1348 prandia
953 1288 1064 1350 regum

128 1370 265 1445 Dicere,
291 1390 342 1431 res
366 1371 503 1451 grandes
524 1379 638 1431 nostro
661 1370 712 1430 dat
734 1368 832 1431 Musa
855 1371 984 1450 politae.
1008 1403 1049 1413 -

130 1475 216 1534 Ecce
239 1473 335 1534 modo
359 1473 472 1532 heroas
496 1490 605 1531 sensus
629 1471 744 1532 afferre
767 1469 911 1534 videmus

128 1573 256 1657 Nugari
278 1571 391 1636 solitos
416 1573 540 1633 Graece
565 1592 622 1633 nec
644 1590 766 1652 ponere
788 1574 892 1636 lucum

128 1674 280 1742 Artifices
303 1695 438 1737 necrus
462 1685 603 1735 saurrum
626 1673 778 1749 laudare,
802 1675 858 1737 ubi
881 1678 996 1739 corbes

131 1779 175 1839 Et
196 1777 289 1839 focus
312 1788 344 1837 et
364 1775 458 1857 porci
481 1785 513 1836 et
534 1774 659 1837 fumosa
683 1775 798 1838 Palilia
819 1777 936 1841 foeno:

127 1881 221 1944 Unde
244 1878 364 1940 Remus
388 1877 541 1960 sulcoque
564 1887 670 1938 terens
693 1878 847 1953 dentalia,
874 1880 1020 1959 Quincti,

129 1981 235 2061 Quom
258 1978 381 2060 trepida
406 1989 476 2040 ante
496 1978 601 2040 boves
626 1977 812 2040 dictaturam
836 1981 936 2043 induit
959 2003 1043 2045 uxor

127 2084 171 2145 Et
193 2093 245 2143 tua
269 2093 373 2143 aratra
397 2082 524 2142 donmm
547 2080 643 2142 lictor
664 2079 748 2143 tulit.
772 2116 814 2127 -
837 2084 948 2167 Euge,
973 2087 1092 2165 poe'ta!
1210 2086 1251 2147 75

128 2185 189 2245 Est
210 2202 312 2254 nunc,
339 2179 462 2244 Brisaei
485 2201 578 2265 quem
603 2203 741 2244 venosus
763 2181 847 2245 liber
870 2185 970 2263 Acci,

128 2287 225 2360 Sunt,
250 2302 332 2365 quos
354 2281 579 2365 Pacuviusque
603 2293 633 2344 et
661 2303 832 2346 verrucosa
856 2298 997 2349 irroretur

128 2384 291 2466 Antiopa,
318 2431 331 2456 ‚,
342 2382 498 2446 aerumnis
522 2403 579 2446 cor
601 2383 806 2448 luctificabile
828 2385 943 2449 sulta.'’

199 2618 241 2665 58.
261 2641 293 2651 -
305 2618 392 2675 pinxit
406 2619 436 2661 ll.
456 2618 596 2675 -punxit
611 2620 640 2663 F.
679 2616 720 2664 59.
740 2616 933 2678 intranimse]
952 2619 1029 2667 Velie.
1050 2620 1126 2679 bugd.
1146 2622 1200 2665 Bat.
1214 2642 1250 2657 -

130 2687 356 2732 imitataestCodd.
366 2688 412 2731 snei
421 2692 444 2731 et
454 2688 509 2730 ΑΜ.
525 2687 561 2731 lb.
575 2711 607 2721 —
618 2690 723 2733 aliasV.
739 2685 780 2733 60.
788 2687 910 2744 -Apula
917 2690 976 2733 VM.
984 2688 1118 2745 -Apulas
1128 2692 1249 2735 tantacF.

127 2759 242 2814 -epula
257 2758 287 2801 ll.
298 2762 433 2799 -tantum
443 2757 526 2799 silicet
536 2753 592 2812 (sic)
606 2770 628 2800 c.
642 2757 735 2814 Apula.
755 2762 874 2814 qnantum
886 2758 916 2802 Α.
939 2756 979 2801 61.
992 2781 1024 2792 -
1038 2756 1060 2802 0
1072 2771 1114 2803 vos
1124 2758 1154 2802 ll.
1170 2761 1250 2804 -r'us

128 2832 166 2871 est
177 2823 273 2886 Fllsas
285 2824 364 2869 firmat
376 2823 469 2880 Velie.)
483 2849 514 2858 —
528 2826 565 2869 oie
577 2831 614 2869 est
627 2829 657 2870 V.
697 2823 737 2870 63.
753 2849 785 2859 -
799 2839 890 2869 sermo.
903 2828 959 2884 quis
972 2827 1020 2871 TS.
1041 2828 1077 2875 lb.
1092 2828 1205 2871 carmine
1217 2830 1248 2872 lt.

131 2894 335 2939 dl.-nume›·o
354 2890 456 2953 effluere
475 2897 548 2937 Α,-
557 2894 640 2956 fluere
658 2907 761 2939 neenrcro
774 2895 803 2939 E.
831 2894 867 2938 lb.
880 2896 984 2951 periens
1004 2897 1041 2940 M.
1080 2894 1122 2941 65.
1141 2897 1247 2941 cetera.

130 2961 172 3008 66.
187 2965 300 3008 acoeule
317 2964 353 3005 Μ.
393 2961 433 3007 67.
454 2963 480 3006 in
495 2963 550 3021 pm]
571 2965 667 3009 TSAM.
705 2964 765 3008 ltem
782 2964 812 3008 ll.
830 2978 844 3006 a
859 2977 908 3008 sec.
933 2977 1012 3011 mauu.
1027 2970 1096 3007 -et
1111 2979 1152 3022 pr.
1172 2966 1248 3010 RVE.

129 3029 170 3077 70.
192 3032 327 3091 -grasci
346 3033 425 3075 vatic.
448 3053 478 3063 -
498 3046 651 3089 postponere
669 3035 694 3077 S.
726 3033 761 3076 lb.
777 3056 805 3068 -
822 3033 892 3096 laicos
910 3034 939 3077 F.
961 3031 1096 3077 7l.'corbe
1114 3036 1139 3078 S.
1162 3031 1250 3079 72.-

127 3101 200 3157 porei
210 3097 318 3158 fumosa
337 3100 367 3149 T.
400 3100 435 3143 lb.
455 3118 489 3132 -
503 3102 609 3158 peiurio
624 3103 653 3145 R.
692 3098 732 3145 73.
760 3126 792 3135 —
813 3100 900 3160 Quinti
916 3100 1013 3147 auset.
1034 3120 1068 3136 -·
1086 3100 1194 3162 Quintus
1217 3104 1248 3147 F.

131 3167 173 3213 76.
193 3165 281 3229 Quom]
301 3170 331 3211 V.
357 3192 389 3201 -
415 3168 492 3228 Quem
513 3172 654 3216 TRESAM.
693 3170 730 3213 lb.
748 3168 913 3227 dictaturam]
938 3168 1035 3214 Tvttn.
1064 3195 1097 3204 -
1122 3170 1250 3215 dictatura

128 3238 205 3281 usM.
244 3235 285 3281 75.
306 3234 383 3280 —Er
401 3239 451 3281 tria
467 3240 497 3284 T.
537 3238 578 3285 76.
596 3237 710 3297 Brisaei]
728 3238 947 3283 Pium-brisei
964 3239 1197 3284 vaticuusssam.
1215 3264 1249 3273 -

129 3306 222 3350 briscia
242 3307 274 3350 V.
294 3302 328 3362 (i)
347 3307 449 3362 stuppa.
489 3306 530 3354 77.
554 3308 736 3368 —pacuninus
756 3314 779 3351 et
797 3308 863 3351 T.-
878 3305 1023 3365 phacuniuc
1040 3314 1064 3353 et
1081 3310 1109 3353 Α.
1149 3306 1190 3354 78.
1214 3320 1247 3352 =

115 3375 232 3433 ·Antiaps
250 3376 306 3419 Vat·

126 3476 276 3491 *—

199 3536 240 3583 59.
260 3536 415 3581 imitamen
432 3536 496 3581 mob.
516 3538 611 3592 rpr.
632 3538 667 3582 lb.
689 3540 755 3583 altas
774 3553 796 3583 r.
847 3536 888 3584 64.
907 3540 974 3583 laena
992 3553 1030 3594 rp.
1070 3537 1111 3584 67.
1132 3545 1247 3598 etprarr·

128 3608 172 3653 dia
190 3607 243 3651 wP.
263 3629 295 3639 —
315 3618 348 3648 an
365 3619 410 3663 pr.
439 3620 453 3659 p
517 3604 557 3650 68.
576 3605 670 3651 Dicere
689 3621 731 3652 res
749 3609 778 3652 P.
835 3606 875 3653 73.
902 3607 990 3668 Quinti
1006 3622 1051 3652 rw.
1107 3605 1149 3653 74.
1170 3607 1248 3669 Quam

128 3679 159 3721 P.
197 3676 233 3720 lb.
253 3674 400 3718 dictatorem
419 3675 544 3732 (Foquel.)
560 3689 599 3730 rp.
655 3674 697 3722 76.
718 3673 830 3736 Bryseai
847 3692 878 3720 w.
901 3698 929 3709 -
949 3674 1049 3720 Briseis
1066 3678 1140 3732 rpw.

127 3778 276 3792 —

198 3837 240 3882 58.
259 3836 338 3883 Nulla
359 3835 469 3896 ciconia]
497 3837 556 3880 'l'ria
582 3850 672 3895 genera
691 3850 836 3881 sannarum:
871 3842 912 3881 aut
934 3850 1005 3880 rnaun
1030 3834 1166 3894 significare
1184 3839 1248 3882 eico-

128 3909 207 3962 niam,
227 3911 267 3950 aut
281 3908 391 3962 opposito
409 3906 557 3961 temporibus
574 3907 659 3960 pollice
678 3907 796 3950 auriculas
814 3906 920 3950 asininas
930 3935 938 3960 ,
958 3911 998 3949 ant
1018 3906 1123 3963 linguam
1144 3907 1249 3950 sitientis

128 3978 204 4021 cauis.
242 3974 329 4019 sanna
356 3980 435 4020 auteur
459 3976 545 4019 dicitur
572 3988 600 4018 os
623 3975 751 4019 distortum
770 3989 823 4018 cnm
844 3976 924 4018 voltu:
956 3976 1019 4031 qnod
1036 3975 1155 4029 tacimus,
1177 3989 1249 4032 quum

128 4046 190 4088 alios
209 4043 353 4087 deridemus.
391 4045 448 4088 luds
470 4044 597 4089 sanniones
618 4044 692 4097 dicti,
711 4045 752 4100 qni
773 4057 821 4087 non
837 4049 928 4089 rectum
946 4046 1037 4088 voltum
1053 4043 1167 4089 babeant.
1205 4042 1248 4088 72.

127 4110 233 4168 Palilia]
252 4113 347 4156 Varro:
378 4111 473 4157 Palilia
497 4118 549 4157 tam
565 4113 669 4171 privata
694 4126 768 4171 quam
787 4112 892 4169 publica
917 4118 977 4157 sunt
992 4109 1060 4170 apud
1076 4113 1204 4157 rusticos:
1223 4116 1250 4155 ut

129 4181 259 4245 congestis
280 4194 336 4224 cum
352 4177 433 4239 sonno
450 4181 551 4240 crepulis
574 4182 660 4241 ignem
683 4194 803 4241 magnum
827 4181 983 4236 transiliant,
1013 4179 1054 4225 irie
1077 4180 1203 4226 Palilibus
1221 4194 1248 4224 ce

128 4251 233 4313 expiari
251 4248 391 4295 eredentes.
