2782 4762
180 196 243 262 338

244 349 323 442 μηδ’
348 349 440 431 έκτός
457 354 577 439 βελέων
596 345 721 418 έστάτω
741 345 854 417 άσπίδ
871 347 962 437 ἔχων.

181 452 268 524 οἱλλά
294 482 344 536 τις
365 454 459 543 ἔγγὺς
484 452 557 538 ίών,
579 450 822 541 αότοσχεδδν”
803 464 891 540 εγχεὶ
906 450 1024 542 μακρῇ

243 555 373 652 ἢξίιγει
398 553 560 640 οὐτάζων,
583 552 677 639 δήιον
696 551 785 645 ίίνδρ
810 558 926 622 έλέτω·
1267 553 1313 615 30

180 666 238 728 καὶ
258 656 346 728 πόδα
368 659 436 748 πὰρ
457 663 533 728 ποδὶ
554 658 648 741 θείς,
668 663 724 726 καί
746 655 791 724 ἐπ’
818 654 957 736 ἀσπίδος
977 649 1092 722 ἀσπίδ’
1117 653 1266 745 έρείσας,

245 766 279 832 έν
299 767 334 830 δέ
355 758 464 857 λόφον
485 787 520 829 τε
543 757 638 854 λόφῳ
663 765 718 828 καί
737 763 851 842 κυνέην
871 764 966 854 κυνέη

180 871 237 934 καὶ
259 870 393 957 στέρνον
412 869 534 959 στέρνῳ
556 867 774 952 πεπλημένος,
796 859 890 954 άνδρὶ
910 831 1086 951 μάχέσθ.
1049 909 1087 927 ..«

246 996 267 1050 η
261 965 400 1090 ξίφεος
422 966 532 1050 κώπην
552 965 577 1071 ί]
567 962 677 1057 δόρυ
699 964 830 1054 μακρόν
851 961 940 1033 έλών.

183 1066 350 1159 όμεῖςδ,
353 1058 398 1136 -ώ
421 1069 596 1157 γυμνῇτες,
618 1065 663 1137 όπ
667 1065 840 1147 ἀσπίδος
864 1065 1014 1135 άλλοθεν
1032 1063 1135 1143 άλλος
1267 1065 1313 1128 35

244 1167 465 1251 πτώσσοντες,
487 1168 644 1260 μεγάλοις
667 1167 805 1258 βάλλετε
827 1173 1035 1261 χερμαδίους,

180 1269 321 1365 δοόροισί
340 1300 373 1341 τε
392 1274 553 1356 ξεστοῖσιν
574 1271 833 1355 ἀκοντίζοντες
818 1299 851 1352 ες
869 1268 1008 1353 αὐτούς,

243 1382 331 1445 τοῖσι
352 1377 573 1456 πανοπλίταις
590 1378 729 1460 πλησίου
751 1371 929 1464 ἱστάμενοι.

614 1612 624 1645 ,,
712 1516 763 1631 τι.

184 1698 264 1772 θίν’
289 1698 332 1773 ι’ίν
350 1702 551 1793 μνησαίμην,
574 1698 645 1772 οὔτ’
670 1703 704 1773 έν
722 1700 810 1794 λόγῳ
832 1700 939 1792 όίνδρα
959 1701 1131 1789 τιθείμην,

244 1803 320 1874 οὔτε
341 1807 451 1874 ποδῶν
471 1802 605 1896 άρετῇς,
627 1802 702 1873 οίίτι
724 1800 1014 1893 παλαισμοσύνης,
1087 1833 1089 1839 ·

179 1903 254 1976 οὔδ’
278 1933 306 1975 ει
300 1903 520 1976 ’Κυκλώπων
542 1907 643 1996 μέν
624 1932 692 1996 εχοι
713 1904 860 1995 μέγεθός
882 1933 916 1974 τε
935 1909 1010 1992 βίην
1033 1930 1081 1985 τε,

243 2004 343 2102 νικώη
369 2012 405 2077 δέ
426 2013 536 2078 θέων
546 2011 703 2129 θρηίκιον
724 2013 872 2101 Βορέην,

178 2107 309 2180 οὐδ’
277 2137 306 2179 ει
331 2115 503 2180 Τιθωνοῖο
525 2136 614 2204 ιμυηκ
630 2115 843 2202 χαριέστερος
860 2112 925 2194 είη,

240 2213 400 2296 πλουτοίη
422 2217 457 2282 δὲ
480 2215 593 2281 Μίδεω
615 2220 671 2281 καὶ
695 2210 847 2304 Κινόροιο
870 2217 985 2295 πλέον,

179 2311 312 2384 οὔδ’
281 2341 309 2382 ει
336 2317 544 2385 Τανταλὶδεω
565 2320 720 2394 Πέλοπος
740 2313 1027 2406 βασιλεύτερος
994 2341 1059 2397 ειη,

241 2420 395 2505 γλῶσσαν
416 2415 448 2487 δ’
465 2414 653 2509 Ἀδρήστου
670 2413 901 2508 μειλιχόγηρυν
921 2418 1005 2505 ἔχοι,

179 2515 253 2588 οὐδ’
275 2516 307 2587 εί
324 2521 436 2589 πᾶσαν
457 2520 524 2608 ἔχοι
546 2517 660 2603 δόξαν,
680 2517 765 2603 πλὴν
786 2515 953 2611 θούριδος
974 2516 1095 2601 ἀλκῆς,

243 2617 297 2704 (οὐ
317 2616 383 2711 γὰρ
405 2616 489 2712 ἀνὴρ
511 2617 649 2709 ἀγαθὸς
670 2624 814 2709 γίγνεται
836 2625 869 2690 ἐν
890 2623 1035 2713 πολέμιγ)

178 2719 273 2813 εἰμὴ
294 2723 425 2806 τετλαίη
445 2730 506 2811 μέν
527 2719 613 2814 δρών
634 2720 740 2817 φόνον
759 2719 976 2812 αἱματόεντα,

242 2829 299 2892 καί
318 2825 417 2907 δηίων
437 2820 580 2918 όρέγοιτ’
591 2876 600 2907 ,
622 2821 766 2912 ἐγγύθεν
785 2822 969 2912 ἱστάμενος.

176 2921 253 3011 ἡδ’
275 2922 375 3013 αἱρετὴ
397 2920 436 2993 τό
457 2923 489 2998 τ’
515 2923 645 2996 άεθλον
667 2928 701 2994 έν
721 2923 954 3017 ἀνθρώποισιν
976 2923 1115 3018 ι’ίριστον

241 3023 419 3097 κάλλιστόν
442 3036 477 3097 τε
500 3032 612 3120 φέρειν
631 3029 777 3116 γίγνεται
799 3025 895 3120 ἀνδρὶ
916 3033 987 3122 νέῳ.

178 3127 335 3209 Ξυνόνδ
359 3127 488 3199 ἐσθλὸν
509 3132 608 3199 τοῦτο
622 3127 729 3214 -πόληί
748 3156 782 3198 τε
803 3133 903 3200 παντί
926 3157 958 3198 τε
981 3127 1089 3220 δήμῳ,

242 3224 331 3312 όςτις
351 3228 434 3323 ἀνὴρ
458 3229 579 3320 διαβάς
601 3234 634 3300 ἐν
658 3228 861 3324 προμάχοισι
880 3237 978 3330 μένῇ,
1066 3279 1068 3283 ·

178 3337 360 3424 νωλεμέως,
382 3330 522 3425 αἰσχράς
546 3337 582 3402 δέ
604 3337 713 3428 φυγῆς
734 3339 785 3404 ἐπὶ
805 3330 916 3425 πάγχυ
939 3332 1111 3418 λάθηται,

241 3433 355 3556 ψυχὴν
376 3441 432 3504 καί
457 3434 585 3523 θυμόν
591 3432 756 3525 ’τλήμονα
754 3442 891 3530 παρθέι
891 3463 993 3520 ιενος,

177 3535 337 3663 θαρσόνῇ
358 3542 394 3607 δέ
414 3563 535 3608 πεσειν
544 3536 602 3608 τὸν
622 3541 768 3623 πλησίον
781 3539 887 3633 ἄνδρα
909 3534 1096 3630 παρεστώς·

164 3641 166 3643 ’
242 3633 341 3721 οὗτος
363 3637 446 3733 ἀνὴρ
471 3636 609 3728 ἀγαθός
629 3643 776 3729 γίγνεται
800 3647 833 3712 έν
856 3649 997 3737 πολέμῳ.

179 3733 283 3840 Αἶιγα
308 3746 343 3811 δὲ
368 3745 544 3830 δυςμενέων
568 3739 743 3834 ἀνδρῶν
723 3764 841 3840 ετρεψε
869 3743 1049 3839 φάλαγγας

219 3846 408 3937 τρηχείας,
431 3847 558 3964 σπουδῇ
583 3841 616 3914 δ’
640 3846 759 3935 ἔσχεθε
783 3850 873 3936 κῦμα
895 3845 1017 3937 μάχης.

178 3942 292 4031 Λυτος
312 3943 389 4015 δ
372 3972 406 4015 εν
429 3943 633 4038 προμάχοισι
656 3946 762 4021 πεσών
782 3952 881 4042 φίλον
906 3949 1004 4018 ὤλεσε
1024 3941 1159 4036 θυμόν,

242 4046 327 4117 όίστυ
348 4074 383 4117 τε
404 4054 461 4116 καὶ
482 4048 585 4128 λαοὺς
605 4055 661 4117 καὶ
683 4048 800 4143 πατέρ’
827 4049 1011 4131 εὐκλεΐσας,

176 4148 284 4221 πολλὰ
306 4149 362 4219 διά
387 4156 535 4240 στέρνοιο
558 4157 614 4219 καὶ
638 4149 778 4231 ἀσπίδος
799 4149 1034 4246 ὀμφαλοέσσης

139 4272 144 4282 ’
236 4258 293 4322 καὶ
314 4251 370 4322 διὰ
393 4251 555 4345 θώρηκος
577 4250 731 4346 πρόσθεν
751 4257 958 4344 έληλαμένος.
