2782 4762
188 181 229 248 18

188 341 377 424 Persequor
397 359 435 402 ac
458 339 561 402 doceo
583 334 698 414 dictis,
721 356 787 423 quo
811 350 956 423 quaeque
980 347 1087 402 creata

188 443 337 508 Foedere
358 439 438 518 sint,
461 438 556 504 ineo
579 461 673 525 quam
695 436 737 502 sit
758 441 874 502 durare
896 461 1077 517 necessum,

188 546 260 607 Nec
280 541 401 606 validas
423 541 548 606 valeant
569 539 640 604 aevi
662 539 844 604 rescindere
868 541 971 626 leges.

190 645 266 726 Quo
288 665 406 729 genere
428 641 461 706 in
481 641 593 727 primis
616 640 712 706 animi
732 653 846 705 natura
865 654 1025 728 repertast

187 747 311 812 Nativo
334 745 472 829 primum
492 743 669 809 consistere
693 765 836 827 corpore
862 758 967 823 creta,

188 851 260 913 Nee
281 869 378 930 posse
399 847 593 911 incolumem
612 868 759 930 magnum
782 849 900 912 durare
921 871 981 932 per
1004 871 1140 916 aevom:

190 951 254 1015 Sed
275 949 444 1013 simulacra
466 948 571 1013 solere
590 947 623 1010 in
646 946 766 1013 somnis
786 949 899 1014 sallere
918 963 1070 1032 mentem,

190 1053 334 1119 Cernere
355 1072 453 1136 quom
477 1049 641 1114 videamur
660 1072 747 1126 cum,
771 1073 864 1137 quem
888 1052 953 1118 vita
975 1055 1129 1142 reliquit..

255 1155 353 1236 Quod
372 1162 534 1236 superest,
558 1175 641 1216 nunc
662 1155 726 1216 huc
748 1151 882 1220 rationis
905 1156 1018 1221 detulit
1039 1162 1140 1237 ordo,

189 1259 235 1324 Ut
257 1255 334 1320 mihi
357 1253 488 1326 mortali
510 1252 685 1329 conserere
709 1283 852 1346 corpore
873 1263 1021 1326 mundum

190 1359 411 1454 ilalivomque
433 1366 526 1431 simul
547 1365 633 1431 ratio
654 1369 817 1431 reddunda
840 1364 882 1428 sit
903 1387 984 1430 esse.

190 1475 236 1538 Et
253 1470 370 1557 quibus
392 1470 447 1534 ille
464 1466 568 1535 modis
590 1490 783 1553 congressus
804 1469 948 1534 materiai

191 1572 349 1642 Fundarit
369 1583 503 1649 terram,
527 1570 667 1647 caelum,
690 1592 794 1646 mere,
817 1571 938 1649 sidera,
962 1574 1063 1639 solem

190 1678 361 1761 Lunaiqne
386 1673 641 1759 globum31um‚
666 1693 747 1756 quae
766 1673 879 1738 tellure
901 1674 1074 1740 animantes

190 1776 403 1851 Exstiterint;
426 1787 457 1840 et
480 1796 561 1861 quae
581 1773 668 1838 nullo
691 1773 755 1838 siut
776 1785 923 1858 tempore
944 1788 1056 1841 natae:

192 1879 308 1960 Quove
330 1881 428 1943 modo
449 1899 548 1962 genus
569 1878 739 1939 humanum
763 1877 907 1942 variante
929 1879 1058 1966 loquela

191 1979 350 2064 Coeperit
369 1979 453 2043 inter
471 2000 504 2043 se
529 1977 616 2042 vesci
636 2000 696 2060 per
715 1977 844 2043 nomina
863 2002 993 2047 rerum:

191 2086 236 2149 Et
259 2081 375 2168 quibus
397 2080 451 2145 ille
471 2079 576 2144 modis
599 2080 709 2143 divom
728 2091 828 2144 metus
848 2080 1016 2147 insinuarit

192 2185 354 2259 Pectora,
376 2194 534 2245 terrarum
557 2179 614 2266 qui
636 2179 670 2243 in
693 2180 768 2244 orbi
788 2194 896 2246 saneta
916 2196 1023 2248 tuetur

172 2288 297 2362 Faue,
320 2284 426 2361 lacus,
448 2283 558 2359 lucos,
582 2301 652 2345 aras
673 2281 906 2370 simulacraque
924 2286 1048 2353 divom.

257 2389 448 2462 Praeterea,
471 2384 550 2450 solis
572 2407 683 2449 cursus
704 2384 860 2472 lunaeque
882 2400 1021 2467 meatus,

194 2490 393 2576 Expediam,
415 2511 478 2575 qua
501 2487 535 2553 vi
555 2488 663 2552 flectat
685 2490 810 2551 Natura
833 2492 1033 2574 gubernans:

192 2597 244 2660 Ne
264 2595 353 2659 forte
372 2595 452 2655 haec
469 2590 554 2655 inter
574 2591 695 2655 caelum
718 2600 900 2678 terramque
923 2616 1051 2658 reamur

193 2696 317 2763 Libera
339 2706 456 2779 sponte
479 2715 535 2757 sua
556 2714 667 2757 cursus
690 2692 827 2758 lustrare
848 2696 1032 2777 perenneis,

194 2798 369 2884 Morigera
392 2800 432 2860 ad
448 2796 559 2880 fruges
581 2798 741 2881 augendas
764 2806 859 2881 atque
880 2797 1083 2863 animanteis:

194 2904 288 2967 Neve
309 2900 416 2986 aliqua
438 2897 550 2962 divom
571 2897 664 2962 volvi
682 2895 809 2962 ratione
830 2909 991 2982 putemus.

193 3007 295 3081 Nam,
317 3006 399 3067 bene
421 3001 496 3087 quei
518 2998 660 3066 didicere
685 3003 762 3067 deos
783 3022 929 3065 securum
954 3025 1053 3087 egere
1074 3026 1207 3084 aevom,

195 3107 231 3170 Si
252 3117 358 3170 tamen
377 3103 499 3182 interea
524 3101 696 3179 mirantur,
720 3124 783 3190 qua
804 3104 931 3170 ratione

194 3211 349 3293 Quaeque
371 3203 442 3291 geri
462 3203 604 3287 possint,
627 3204 817 3287 praesertim
836 3210 934 3270 rebus
953 3206 986 3271 in
1008 3207 1091 3287 illis,
1262 3206 1313 3277 '85

195 3313 286 3393 Quae
308 3328 406 3390 supra
427 3317 523 3388 caput
543 3305 693 3369 aetheriis
715 3319 888 3370 cernuntur
907 3308 941 3372 in
960 3309 1044 3388 oris3

194 3416 319 3479 Rursus
340 3410 374 3474 iu
393 3407 540 3493 antiquas
556 3407 741 3495 referuntur
762 3407 939 3493 religiones

186 3519 240 3582 -Et
262 3511 409 3578 dominos
432 3508 534 3573 aereis
558 3509 734 3587 asciscunt,
760 3512 865 3575 omnia
884 3535 981 3596 posse

196 3620 289 3700 Quos
307 3612 435 3679 miserei
455 3614 608 3689 credunt,
631 3611 775 3697 ignarei,
800 3613 877 3700 quid
899 3628 995 3701 queat
1016 3640 1102 3697 esse,

249 3779 292 3827 ⁶²·
312 3774 529 3825 ln⁰⁰luml⁸¹l‘l⁴·
541 3776 572 3822 H·
612 3773 652 3825 ⁶5·
673 3790 739 3822 ’ΨΜ
757 3792 795 3822 ”¹0
812 3777 860 3824 Ῐῑῑῑθ
878 3780 908 3825 L·
928 3782 959 3827 ll·
997 3779 1039 3830 7³.
1058 3785 1131 3831 nosci
1149 3785 1226 3835 codd.
1245 3789 1316 3849 aliq„

196 3853 268 3899 ‘llam
280 3850 312 3894 E·
324 3849 387 3893 ΕΜ·
401 3851 459 3895 leil·
473 3849 515 3891 AV·
527 3845 556 3894 1¹·
567 3845 597 3894 Α·
617 3847 703 3902 uwel
714 3849 732 3891 l·
746 3863 769 3895 θ·
784 3850 883 3904 Vivere,
897 3852 970 3896 vitam
982 3855 1079 3912 colerc;
1092 3859 1235 3903 secundario
1248 3860 1316 3906 verbi

196 3917 345 3980 significatu,
365 3930 439 3974 quum
457 3917 505 3960 vitu
522 3915 637 3960 nimirum
652 3916 712 3960 cibis
725 3918 849 3963 vescendis
862 3923 1034 3980 propagetur.'’
1051 3925 1127 3972 Wak.
1155 3929 1245 3972 Veram
1259 3931 1315 3974 1002,

194 3990 263 4038 uesci
279 3987 352 4032 habet
366 3987 410 4031 Gd.
422 3985 452 4032 G.
491 3980 533 4031 96.
553 3985 588 4029 ltu
605 3984 681 4031 Godd.
696 3985 779 4040 (etism
792 3988 821 4031 C.
833 3987 877 4045 E.)
886 3990 948 4037 Edd.
958 3997 1017 4038 vett.
1031 3992 1077 4040 Ar.
1087 3995 1119 4039 A.
1137 3993 1228 4042 luorum
1236 3997 1267 4044 1,,
1284 3999 1316 4043 Η,

196 4059 289 4106 Eiehst.
302 4056 383 4100 clm.
398 4050 458 4099 135.
497 4051 540 4100 99.
558 4054 675 4100 accidat:
693 4053 774 4100 firmat
791 4057 850 4102 hene
869 4060 924 4105 lect.
944 4060 975 4107 G.
993 4084 1027 4097 -
1046 4063 1140 4110 occidit
1157 4081 1212 4112 cnm
1228 4069 1318 4122 plerin-

197 4142 242 4188 que
260 4126 320 4172 Cdd.
334 4123 365 4168 E.
378 4122 440 4168 Edd.
453 4127 513 4168 vett.
523 4124 567 4170 W.
596 4125 643 4170 Sed
658 4125 705 4170 cfr.
720 4124 749 4180 1,
766 4123 825 4172 921.
843 4125 895 4172 Nec
913 4143 952 4174 me
970 4131 1051 4177 suuni
1060 4129 1150 4191 fallit,
1171 4150 1248 4196 quom
1265 4137 1320 4185 sint

195 4197 314 4244 obscuro.
335 4196 428 4238 stante
445 4193 526 4238 oannis
541 4195 604 4238 inv.
621 4207 673 4251 seq.
693 4208 768 4256 quum
784 4192 892 4258 difficile
910 4198 938 4244 id
954 4197 1018 4246 mr'lu'
1036 4202 1080 4248 sit.
1118 4201 1177 4253 101.
1197 4205 1319 4263 Empedo-

197 4269 246 4314 clu
265 4279 289 4314 r.
301 4259 370 4313 ¹³⁰2.
387 4263 424 4310 St.
448 4254 500 4325 (τὸ
519 4256 622 4327 detor)
645 4255 702 4315 oria
725 4255 811 4317 ἔστιν
828 4261 1006 4328 πελάσασθ.
1031 4264 1093 4324 ov'r
1112 4267 1319 4341 ὀφθαλμοῖσιν
