2782 4762
266 894 623 1032 TYPTAJOY
640 947 976 1033 ΕΛΕΓΕΙΑ]
997 952 1143 1034 ατο.

684 1352 716 1416 Ῑ.

135 1515 248 1602 Ἀλλ’,
266 1515 462 1610 Ἡρακλῆος
485 1516 550 1611 γὰρ
575 1514 734 1602 ἀνικήτου
755 1521 849 1606 γένος
873 1520 961 1599 ε’στέ,

198 1618 378 1713 θαρσεῖτ’,
401 1620 491 1690 οὐπω
514 1620 595 1700 Ζεύς
622 1620 743 1711 αὐχένα
768 1618 865 1702 λοξὸν
887 1621 960 1708 ἔχει.

134 1719 230 1806 Μηδ
254 1721 381 1814 ἀνδρῶν
402 1722 538 1806 πληθὺν
560 1728 751 1813 δειμαίνετε,
771 1727 853 1810 μηδὲ
877 1726 1062 1816 φοβεῖσθε,

198 1824 281 1905 ι’θύς
302 1825 335 1894 δ’
359 1823 405 1905 είς
427 1824 618 1918 προμάχους
639 1825 755 1894 ἀσπίδ’
780 1824 863 1917 ἀνὴρ
886 1828 1000 1913 έχέτω,

134 1928 263 2021 έχθράν
281 1936 341 2018 μὲν
362 1928 474 2023 ψυχὴν
494 1934 654 2017 θέμενος,
675 1925 834 1996 θανάτου
853 1930 888 1995 δὲ
910 1929 1067 2015 μελαίνας
1243 1934 1263 1996 5

197 2034 301 2122 κῆρας
321 2029 380 2100 ὑπ’
406 2030 562 2118 αὐγαῖσιν
583 2028 705 2114 ἠελίοιο
732 2034 843 2125 φίλας.

125 2131 214 2202 Ἴστε
233 2133 317 2227 γάρ,
339 2131 520 2226 ὡς”Λρεως
540 2131 792 2225 πολυδακρύτου
816 2128 885 2222 ἔργ’
906 2128 1045 2214 ἀίδηλα,

198 2226 233 2305 εὐ
255 2235 288 2305 δ’
313 2234 413 2325 ὀργὴν
433 2232 545 2319 ἑδάητ’
570 2234 735 2324 ἀργαλέου
757 2240 918 2323 πολέμου·

133 2337 293 2440 καὶπρὸς
313 2337 502 2434 φευγόντων
525 2365 558 2406 τε
580 2335 764 2406 διωκόντων
787 2335 818 2406 τ’
841 2341 1013 2425 ἐγένεσθε,

197 2441 222 2509 ὠ
242 2447 327 2520 νέοι,
350 2439 548 2535 ἀμφοτέρων
568 2438 599 2509 δ’
627 2439 673 2521 εἰς
694 2439 794 2533 κόρου
816 2436 971 2524 ἧλάσοιτε.

136 2543 179 2613 Οἵ
200 2552 260 2633 μέν
283 2541 348 2636 γάρ
370 2547 531 2633 τολμῶσι,
553 2541 636 2636 παρ’
661 2541 835 2627 ἀλλήλοισι
854 2548 1023 2633 μένοντες,

194 2653 240 2727 εἴς
266 2645 296 2714 τ’
320 2644 534 2737 αὐτοσχεδίην
555 2655 611 2715 καὶ
635 2644 828 2738 προμάχους
850 2643 951 2726 ἰέναι,

129 2747 331 2842 παυρότεροι
352 2747 560 2834 θνάσκουσι,
585 2747 705 2818 σείουσι
731 2753 766 2818 δὲ
792 2749 875 2817 λαὸν
900 2746 1040 2817 ὀπίσσω·

193 2848 399 2943 τρεσσάντων
420 2851 452 2922 δ’
479 2850 607 2944 ἀνδρῶν
630 2849 713 2921 πᾶσ’
739 2846 885 2921 ἀπόλωλ’
908 2847 1019 2942 ἀρετά.

135 2948 248 3033 Οὐδεὶς
272 2952 314 3021 ἀν
339 2979 418 3024 ποτε
437 2959 544 3025 ταῦτα
566 2959 667 3042 λέγων
689 2951 835 3022 ἀνύσειεν
856 2957 995 3036 ἕκαστα,

194 3050 291 3139 δσσ’,
314 3055 353 3141 ἢν
376 3055 500 3148 αἰσχροὶ
523 3053 642 3153 πάθῃ,
662 3061 806 3145 γίγνεται
833 3053 927 3148 ἀνδρὶ
951 3052 1048 3125 κακά.

130 3159 311 3248 Ἀργαλέον
332 3158 396 3253 γάρ
420 3159 546 3229 ὄπισθε
567 3156 774 3252 μετάφρενόν
799 3162 868 3228 έστι
893 3162 1016 3241 δαΐζων

193 3259 314 3354 ἀνδρὸς
338 3260 518 3357 φεύγοντος
539 3266 619 3358 διχίφ
645 3267 678 3331 έν
702 3267 843 3358 πολέμῳ.

135 3361 278 3456 Αἰσχρός
303 3362 336 3435 δ’
364 3369 433 3434 ἐστὶ
457 3371 549 3448 νέκυς
570 3367 800 3454 κατακείμενος
821 3369 855 3433 ἐν
877 3367 1038 3462 κονίῃσιν.

191 3471 295 3538 νῶτον
318 3465 443 3538 ὄπισθ’
465 3467 566 3566 αιχμῇ
588 3467 708 3560 δουρὸς
729 3470 935 3557 ἐληλαμένος.

129 3567 239 3639 Ἀλλά
252 3559 366 3652 ’τιςεύ
393 3571 515 3660 διαβάς
537 3576 658 3662 μενέτω
680 3578 778 3640 ποσὶν
799 3568 1039 3666 ἀμφοτέροισιν

192 3679 386 3766 στηριχθεὶς
410 3677 461 3744 ἐπὶ
485 3677 563 3763 γῆς,
581 3679 691 3765 χεῖλος
712 3670 829 3743 ὀδοῦσι
851 3670 975 3755 δοκόν,

127 3772 254 3870 μόρους
278 3803 310 3845 τε
334 3772 467 3871 κνήμας
482 3804 515 3848 τε
536 3774 625 3847 κάτω
650 3785 706 3846 καὶ
728 3782 848 3870 στέρνα
870 3782 924 3846 καὶ
949 3773 1057 3864 ἀμους

192 3877 333 3961 ἀσπίδος
355 3879 478 3975 εὐρείης
497 3887 618 3975 γαστρὶ
640 3876 885 3968 καλυψάμενος.

132 3983 283 4078 Δεξιτερῇ
305 3980 337 4051 δ’
366 3987 399 4052 ἐν
417 3991 502 4079 χειρὶ
525 3989 704 4054 τινασσέτω
727 3976 868 4075 όβριμον
888 3982 997 4071 ἔγχος,

191 4112 317 4154 κινειτω
339 4090 374 4155 δὲ
397 4084 505 4181 λόφον
527 4086 633 4158 δεινὸν
655 4084 737 4175 ὑπὲρ
763 4086 923 4178 κεφαλῆς·

129 4188 230 4279 ἔρδων
255 4184 288 4257 δ’
314 4186 439 4279 όβριμα
461 4191 541 4281 ἔργα
565 4191 779 4260 διδασκέσθω
801 4188 996 4275 πολεμίζειν,
