<?xml version="1.0" encoding="UTF-8"?>
<!DOCTYPE html PUBLIC "-//W3C//DTD XHTML 1.0 Transitional//EN"
    "http://www.w3.org/TR/xhtml1/DTD/xhtml1-transitional.dtd">
<html xmlns="http://www.w3.org/1999/xhtml" xml:lang="en" lang="en">
 <head>
  <title>
</title>
<meta http-equiv="Content-Type" content="text/html;charset=utf-8" />
  <meta name='ocr-system' content='tesseract 3.04.00' />
  <meta name='ocr-capabilities' content='ocr_page ocr_carea ocr_par ocr_line ocrx_word'/>
</head>
<body>
  <div class='ocr_page' id='page_1' title='image "./eclogaepoetarum00orelgoog_0106.png"; bbox 0 0 2782 4762; ppageno 0'>
   <div class='ocr_carea' id='block_1_1' title="bbox 99 329 1229 2372">
    <p class='ocr_par' dir='ltr' id='par_1_1' title="bbox 99 329 1229 2372">
     <span class='ocr_line' id='line_1_1' title="bbox 99 329 774 422; baseline -0.013 -19"><span class='ocrx_word' id='word_1_1' title='bbox 99 334 226 422; x_wconf 88' lang='lat' dir='ltr'><strong>Attigit</strong></span> <span class='ocrx_word' id='word_1_2' title='bbox 245 332 354 399; x_wconf 89' lang='lat' dir='ltr'><strong>iniusti</strong></span> <span class='ocrx_word' id='word_1_3' title='bbox 374 332 464 418; x_wconf 86' lang='lat' dir='ltr'><strong>regis</strong></span> <span class='ocrx_word' id='word_1_4' title='bbox 486 329 649 414; x_wconf 82' lang='lat' dir='ltr'><strong>Gortynia</strong></span> <span class='ocrx_word' id='word_1_5' title='bbox 669 334 774 396; x_wconf 84' lang='lat' dir='ltr'><strong>tecta!</strong></span> 
     </span>
     <span class='ocr_line' id='line_1_2' title="bbox 101 433 911 523; baseline -0.012 -18"><span class='ocrx_word' id='word_1_6' title='bbox 101 441 186 515; x_wconf 86' lang='lat' dir='ltr'><strong>Nam</strong></span> <span class='ocrx_word' id='word_1_7' title='bbox 208 437 382 523; x_wconf 82' lang='lat' dir='ltr'>perhibent</span> <span class='ocrx_word' id='word_1_8' title='bbox 405 436 483 502; x_wconf 90' lang='lat' dir='ltr'><strong>olim</strong></span> <span class='ocrx_word' id='word_1_9' title='bbox 506 433 632 501; x_wconf 86' lang='lat' dir='ltr'><strong>crudeli</strong></span> <span class='ocrx_word' id='word_1_10' title='bbox 653 445 742 518; x_wconf 88' lang='lat' dir='ltr'><strong>peste</strong></span> <span class='ocrx_word' id='word_1_11' title='bbox 758 436 911 512; x_wconf 75' lang='lat' dir='ltr'><strong>coactam</strong></span> 
     </span>
     <span class='ocr_line' id='line_1_3' title="bbox 103 535 850 626; baseline -0.009 -19"><span class='ocrx_word' id='word_1_12' title='bbox 103 535 367 626; x_wconf 76' lang='lat' dir='ltr'><strong>Androgeoneae</strong></span> <span class='ocrx_word' id='word_1_13' title='bbox 393 560 515 623; x_wconf 88' lang='lat' dir='ltr'><strong>poenas</strong></span> <span class='ocrx_word' id='word_1_14' title='bbox 536 538 707 603; x_wconf 83' lang='lat' dir='ltr'><strong>exsolvere</strong></span> <span class='ocrx_word' id='word_1_15' title='bbox 727 540 850 611; x_wconf 90' lang='lat' dir='ltr'><strong>caedis,</strong></span> 
     </span>
     <span class='ocr_line' id='line_1_4' title="bbox 102 639 904 722; baseline -0.009 -13"><span class='ocrx_word' id='word_1_16' title='bbox 102 645 239 710; x_wconf 87' lang='lat' dir='ltr'><strong>Electos</strong></span> <span class='ocrx_word' id='word_1_17' title='bbox 259 643 392 708; x_wconf 83' lang='lat' dir='ltr'><strong>iuvenes</strong></span> <span class='ocrx_word' id='word_1_18' title='bbox 413 641 508 706; x_wconf 81' lang='lat' dir='ltr'><strong>&#39;simul</strong></span> <span class='ocrx_word' id='word_1_19' title='bbox 528 651 560 705; x_wconf 87' lang='lat' dir='ltr'><strong>et</strong></span> <span class='ocrx_word' id='word_1_20' title='bbox 583 643 680 705; x_wconf 87' lang='lat' dir='ltr'><strong>decus</strong></span> <span class='ocrx_word' id='word_1_21' title='bbox 700 639 904 722; x_wconf 91' lang='lat' dir='ltr'><strong>innuptarum</strong></span> 
     </span>
     <span class='ocr_line' id='line_1_5' title="bbox 102 742 1005 830; baseline -0.01 -16"><span class='ocrx_word' id='word_1_22' title='bbox 102 747 299 830; x_wconf 84' lang='lat' dir='ltr'><strong>Cecropiam</strong></span> <span class='ocrx_word' id='word_1_23' title='bbox 322 744 450 810; x_wconf 90' lang='lat' dir='ltr'><strong>solitam</strong></span> <span class='ocrx_word' id='word_1_24' title='bbox 473 765 542 808; x_wconf 87' lang='lat' dir='ltr'><strong>esse</strong></span> <span class='ocrx_word' id='word_1_25' title='bbox 565 747 679 826; x_wconf 82' lang='lat' dir='ltr'>dapem</span> <span class='ocrx_word' id='word_1_26' title='bbox 701 747 777 807; x_wconf 89' lang='lat' dir='ltr'><strong>dare</strong></span> <span class='ocrx_word' id='word_1_27' title='bbox 799 742 1005 807; x_wconf 82' lang='lat' dir='ltr'><strong>Minotauro.</strong></span> 
     </span>
     <span class='ocr_line' id='line_1_6' title="bbox 102 845 949 934; baseline -0.007 -21"><span class='ocrx_word' id='word_1_28' title='bbox 102 850 185 932; x_wconf 84' lang='lat' dir='ltr'><strong>Quis</strong></span> <span class='ocrx_word' id='word_1_29' title='bbox 203 859 337 934; x_wconf 88' lang='lat' dir='ltr'><strong>angusta</strong></span> <span class='ocrx_word' id='word_1_30' title='bbox 358 847 447 911; x_wconf 89' lang='lat' dir='ltr'><strong>malis</strong></span> <span class='ocrx_word' id='word_1_31' title='bbox 470 869 569 933; x_wconf 90' lang='lat' dir='ltr'><strong>quom</strong></span> <span class='ocrx_word' id='word_1_32' title='bbox 592 845 719 910; x_wconf 87' lang='lat' dir='ltr'><strong>moenia</strong></span> <span class='ocrx_word' id='word_1_33' title='bbox 739 856 949 920; x_wconf 84' lang='lat' dir='ltr'><strong>vexarentur,</strong></span> 
     </span>
     <span class='ocr_line' id='line_1_7' title="bbox 103 945 959 1036; baseline -0.009 -18"><span class='ocrx_word' id='word_1_34' title='bbox 103 953 181 1036; x_wconf 83' lang='lat' dir='ltr'><strong>lpse</strong></span> <span class='ocrx_word' id='word_1_35' title='bbox 204 974 294 1015; x_wconf 90' lang='lat' dir='ltr'><strong>suum</strong></span> <span class='ocrx_word' id='word_1_36' title='bbox 320 952 464 1015; x_wconf 81' lang='lat' dir='ltr'><strong>Theseus</strong></span> <span class='ocrx_word' id='word_1_37' title='bbox 484 971 547 1033; x_wconf 91' lang='lat' dir='ltr'><strong>pro</strong></span> <span class='ocrx_word' id='word_1_38' title='bbox 572 948 656 1014; x_wconf 88' lang='lat' dir='ltr'><strong>caris</strong></span> <span class='ocrx_word' id='word_1_39' title='bbox 679 968 799 1031; x_wconf 88' lang='lat' dir='ltr'><strong>corpus</strong></span> <span class='ocrx_word' id='word_1_40' title='bbox 821 945 959 1012; x_wconf 89' lang='lat' dir='ltr'><strong>Athenis</strong></span> 
     </span>
     <span class='ocr_line' id='line_1_8' title="bbox 104 1050 937 1137; baseline -0.01 -16"><span class='ocrx_word' id='word_1_41' title='bbox 104 1054 277 1122; x_wconf 88' lang='lat' dir='ltr'><strong>Proiicere</strong></span> <span class='ocrx_word' id='word_1_42' title='bbox 300 1053 427 1136; x_wconf 85' lang='lat' dir='ltr'><strong>optavit</strong></span> <span class='ocrx_word' id='word_1_43' title='bbox 443 1052 570 1136; x_wconf 88' lang='lat' dir='ltr'><strong>potius,</strong></span> <span class='ocrx_word' id='word_1_44' title='bbox 594 1074 689 1137; x_wconf 87' lang='lat' dir='ltr'><strong>quam</strong></span> <span class='ocrx_word' id='word_1_45' title='bbox 709 1050 784 1115; x_wconf 87' lang='lat' dir='ltr'><strong>talia</strong></span> <span class='ocrx_word' id='word_1_46' title='bbox 805 1050 937 1115; x_wconf 87' lang='lat' dir='ltr'><strong>Cretam</strong></span> 
     </span>
     <span class='ocr_line' id='line_1_9' title="bbox 103 1154 891 1239; baseline -0.009 -15"><span class='ocrx_word' id='word_1_47' title='bbox 103 1160 233 1224; x_wconf 85' lang='lat' dir='ltr'><strong>Funera</strong></span> <span class='ocrx_word' id='word_1_48' title='bbox 252 1155 435 1239; x_wconf 85' lang='lat' dir='ltr'><strong>Cecropiae</strong></span> <span class='ocrx_word' id='word_1_49' title='bbox 453 1177 513 1219; x_wconf 89' lang='lat' dir='ltr'><strong>nec</strong></span> <span class='ocrx_word' id='word_1_50' title='bbox 537 1154 649 1218; x_wconf 83' lang='lat' dir='ltr'><strong>funera</strong></span> <span class='ocrx_word' id='word_1_51' title='bbox 666 1165 891 1237; x_wconf 86' lang='lat' dir='ltr'><strong>portarentur.</strong></span> 
     </span>
     <span class='ocr_line' id='line_1_10' title="bbox 103 1256 926 1346; baseline -0.006 -21"><span class='ocrx_word' id='word_1_52' title='bbox 103 1261 212 1346; x_wconf 89' lang='lat' dir='ltr'><strong>Atque</strong></span> <span class='ocrx_word' id='word_1_53' title='bbox 237 1260 281 1324; x_wconf 87' lang='lat' dir='ltr'><strong>ita</strong></span> <span class='ocrx_word' id='word_1_54' title='bbox 306 1280 387 1322; x_wconf 85' lang='lat' dir='ltr'><strong>nave</strong></span> <span class='ocrx_word' id='word_1_55' title='bbox 410 1258 474 1321; x_wconf 88' lang='lat' dir='ltr'><strong>levi</strong></span> <span class='ocrx_word' id='word_1_56' title='bbox 499 1256 601 1322; x_wconf 89' lang='lat' dir='ltr'><strong>nitens</strong></span> <span class='ocrx_word' id='word_1_57' title='bbox 624 1280 661 1320; x_wconf 89' lang='lat' dir='ltr'><strong>ac</strong></span> <span class='ocrx_word' id='word_1_58' title='bbox 682 1257 805 1320; x_wconf 90' lang='lat' dir='ltr'><strong>leuibus</strong></span> <span class='ocrx_word' id='word_1_59' title='bbox 824 1256 926 1334; x_wconf 85' lang='lat' dir='ltr'><strong>auris,</strong></span> 
     </span>
     <span class='ocr_line' id='line_1_11' title="bbox 104 1354 1025 1449; baseline -0.005 -22"><span class='ocrx_word' id='word_1_60' title='bbox 104 1354 351 1449; x_wconf 75' lang='lat' dir='ltr'><strong>Magnanimum</strong></span> <span class='ocrx_word' id='word_1_61' title='bbox 374 1364 414 1423; x_wconf 92' lang='lat' dir='ltr'><strong>ad</strong></span> <span class='ocrx_word' id='word_1_62' title='bbox 435 1360 553 1424; x_wconf 91' lang='lat' dir='ltr'><strong>Minoa</strong></span> <span class='ocrx_word' id='word_1_63' title='bbox 576 1359 663 1423; x_wconf 88' lang='lat' dir='ltr'><strong>venit</strong></span> <span class='ocrx_word' id='word_1_64' title='bbox 685 1358 830 1444; x_wconf 89' lang='lat' dir='ltr'><strong>sedisque</strong></span> <span class='ocrx_word' id='word_1_65' title='bbox 853 1361 1025 1442; x_wconf 86' lang='lat' dir='ltr'><strong>superbas.</strong></span> 
     </span>
     <span class='ocr_line' id='line_1_12' title="bbox 104 1460 971 1547; baseline -0.006 -16"><span class='ocrx_word' id='word_1_66' title='bbox 104 1469 203 1532; x_wconf 92' lang='lat' dir='ltr'><strong>Hunc</strong></span> <span class='ocrx_word' id='word_1_67' title='bbox 226 1465 319 1528; x_wconf 91' lang='lat' dir='ltr'><strong>simul</strong></span> <span class='ocrx_word' id='word_1_68' title='bbox 342 1486 380 1527; x_wconf 90' lang='lat' dir='ltr'><strong>ac</strong></span> <span class='ocrx_word' id='word_1_69' title='bbox 402 1465 521 1546; x_wconf 92' lang='lat' dir='ltr'><strong>cupido</strong></span> <span class='ocrx_word' id='word_1_70' title='bbox 544 1461 715 1545; x_wconf 85' lang='lat' dir='ltr'><strong>conspexit</strong></span> <span class='ocrx_word' id='word_1_71' title='bbox 734 1460 850 1525; x_wconf 91' lang='lat' dir='ltr'><strong>lumine</strong></span> <span class='ocrx_word' id='word_1_72' title='bbox 873 1461 971 1547; x_wconf 84' lang='lat' dir='ltr'><strong>virgo</strong></span> 
     </span>
     <span class='ocr_line' id='line_1_13' title="bbox 104 1565 937 1654; baseline -0.005 -21"><span class='ocrx_word' id='word_1_73' title='bbox 104 1569 228 1654; x_wconf 86' lang='lat' dir='ltr'><strong>Regia,</strong></span> <span class='ocrx_word' id='word_1_74' title='bbox 252 1590 347 1654; x_wconf 84' lang='lat' dir='ltr'><strong>quam</strong></span> <span class='ocrx_word' id='word_1_75' title='bbox 372 1566 478 1630; x_wconf 88' lang='lat' dir='ltr'><strong>suavis</strong></span> <span class='ocrx_word' id='word_1_76' title='bbox 499 1565 665 1649; x_wconf 85' lang='lat' dir='ltr'><strong>exspirans</strong></span> <span class='ocrx_word' id='word_1_77' title='bbox 688 1576 793 1627; x_wconf 89' lang='lat' dir='ltr'><strong>castus</strong></span> <span class='ocrx_word' id='word_1_78' title='bbox 816 1569 937 1630; x_wconf 90' lang='lat' dir='ltr'><strong>odores</strong></span> 
     </span>
     <span class='ocr_line' id='line_1_14' title="bbox 103 1666 902 1752; baseline -0.008 -17"><span class='ocrx_word' id='word_1_79' title='bbox 103 1672 260 1735; x_wconf 87' lang='lat' dir='ltr'><strong>Lectulus</strong></span> <span class='ocrx_word' id='word_1_80' title='bbox 281 1669 314 1732; x_wconf 94' lang='lat' dir='ltr'><strong>in</strong></span> <span class='ocrx_word' id='word_1_81' title='bbox 338 1669 429 1733; x_wconf 90' lang='lat' dir='ltr'><strong>molli</strong></span> <span class='ocrx_word' id='word_1_82' title='bbox 450 1669 623 1752; x_wconf 84' lang='lat' dir='ltr'><strong>eornplexu</strong></span> <span class='ocrx_word' id='word_1_83' title='bbox 647 1666 758 1731; x_wconf 89' lang='lat' dir='ltr'><strong>matris</strong></span> <span class='ocrx_word' id='word_1_84' title='bbox 780 1669 902 1745; x_wconf 89' lang='lat' dir='ltr'><strong>alebat,</strong></span> 
     </span>
     <span class='ocr_line' id='line_1_15' title="bbox 104 1771 910 1857; baseline -0.002 -20"><span class='ocrx_word' id='word_1_85' title='bbox 104 1773 219 1857; x_wconf 81' lang='lat' dir='ltr'><strong>Qualis</strong></span> <span class='ocrx_word' id='word_1_86' title='bbox 242 1776 385 1837; x_wconf 88' lang='lat' dir='ltr'><strong>Eurotae</strong></span> <span class='ocrx_word' id='word_1_87' title='bbox 408 1773 611 1855; x_wconf 85' lang='lat' dir='ltr'><strong>progignunt</strong></span> <span class='ocrx_word' id='word_1_88' title='bbox 633 1771 762 1834; x_wconf 90' lang='lat' dir='ltr'><strong>flumina</strong></span> <span class='ocrx_word' id='word_1_89' title='bbox 786 1784 910 1852; x_wconf 89' lang='lat' dir='ltr'><strong>myrtus</strong></span> 
     </span>
     <span class='ocr_line' id='line_1_16' title="bbox 104 1873 856 1949; baseline -0.009 -6"><span class='ocrx_word' id='word_1_90' title='bbox 104 1878 240 1943; x_wconf 83' lang='lat' dir='ltr'><strong>Aurave</strong></span> <span class='ocrx_word' id='word_1_91' title='bbox 265 1875 435 1940; x_wconf 89' lang='lat' dir='ltr'><strong>distinctos</strong></span> <span class='ocrx_word' id='word_1_92' title='bbox 454 1873 562 1938; x_wconf 86' lang='lat' dir='ltr'><strong>educit</strong></span> <span class='ocrx_word' id='word_1_93' title='bbox 584 1896 683 1938; x_wconf 89' lang='lat' dir='ltr'><strong>verna</strong></span> <span class='ocrx_word' id='word_1_94' title='bbox 706 1875 856 1949; x_wconf 76' lang='lat' dir='ltr'><strong>colorese</strong></span> 
     </span>
     <span class='ocr_line' id='line_1_17' title="bbox 105 1977 826 2063; baseline -0.006 -18"><span class='ocrx_word' id='word_1_95' title='bbox 105 1981 184 2045; x_wconf 82' lang='lat' dir='ltr'><strong>Non</strong></span> <span class='ocrx_word' id='word_1_96' title='bbox 201 1978 292 2062; x_wconf 89' lang='lat' dir='ltr'><strong>prius</strong></span> <span class='ocrx_word' id='word_1_97' title='bbox 312 2000 354 2043; x_wconf 84' lang='lat' dir='ltr'><strong>ex</strong></span> <span class='ocrx_word' id='word_1_98' title='bbox 377 1977 436 2043; x_wconf 93' lang='lat' dir='ltr'><strong>illo</strong></span> <span class='ocrx_word' id='word_1_99' title='bbox 459 1977 629 2063; x_wconf 88' lang='lat' dir='ltr'><strong>flagrantia</strong></span> <span class='ocrx_word' id='word_1_100' title='bbox 652 1977 826 2041; x_wconf 88' lang='lat' dir='ltr'><strong>declinavit</strong></span> 
     </span>
     <span class='ocr_line' id='line_1_18' title="bbox 105 2079 1030 2167; baseline 0 -22"><span class='ocrx_word' id='word_1_101' title='bbox 105 2081 262 2159; x_wconf 89' lang='lat' dir='ltr'><strong>Lumina,</strong></span> <span class='ocrx_word' id='word_1_102' title='bbox 285 2103 380 2167; x_wconf 91' lang='lat' dir='ltr'><strong>quam</strong></span> <span class='ocrx_word' id='word_1_103' title='bbox 405 2092 521 2145; x_wconf 88' lang='lat' dir='ltr'><strong>cuncto</strong></span> <span class='ocrx_word' id='word_1_104' title='bbox 544 2079 696 2164; x_wconf 87' lang='lat' dir='ltr'><strong>concepit</strong></span> <span class='ocrx_word' id='word_1_105' title='bbox 715 2092 850 2164; x_wconf 88' lang='lat' dir='ltr'><strong>pectore</strong></span> <span class='ocrx_word' id='word_1_106' title='bbox 871 2080 1030 2146; x_wconf 88' lang='lat' dir='ltr'><strong>flammam</strong></span> 
     </span>
     <span class='ocr_line' id='line_1_19' title="bbox 106 2180 889 2271; baseline -0.001 -20"><span class='ocrx_word' id='word_1_107' title='bbox 106 2184 265 2251; x_wconf 85' lang='lat' dir='ltr'><strong>Funditus</strong></span> <span class='ocrx_word' id='word_1_108' title='bbox 288 2196 383 2271; x_wconf 88' lang='lat' dir='ltr'><strong>atque</strong></span> <span class='ocrx_word' id='word_1_109' title='bbox 403 2182 476 2247; x_wconf 88' lang='lat' dir='ltr'><strong>imis</strong></span> <span class='ocrx_word' id='word_1_110' title='bbox 497 2180 618 2248; x_wconf 83' lang='lat' dir='ltr'><strong>exarsit</strong></span> <span class='ocrx_word' id='word_1_111' title='bbox 639 2193 709 2247; x_wconf 89' lang='lat' dir='ltr'><strong>tota</strong></span> <span class='ocrx_word' id='word_1_112' title='bbox 730 2184 889 2250; x_wconf 88' lang='lat' dir='ltr'><strong>medullis.</strong></span> 
     </span>
     <span class='ocr_line' id='line_1_20' title="bbox 106 2276 1229 2372; baseline 0.002 -18"><span class='ocrx_word' id='word_1_113' title='bbox 106 2290 201 2354; x_wconf 86' lang='lat' dir='ltr'><strong>Heu!</strong></span> <span class='ocrx_word' id='word_1_114' title='bbox 226 2287 340 2353; x_wconf 88' lang='lat' dir='ltr'><strong>misere</strong></span> <span class='ocrx_word' id='word_1_115' title='bbox 363 2276 541 2372; x_wconf 72' lang='lat' dir='ltr'><strong>exagitans</strong></span> <span class='ocrx_word' id='word_1_116' title='bbox 552 2284 668 2352; x_wconf 90' lang='lat' dir='ltr'><strong>immiti</strong></span> <span class='ocrx_word' id='word_1_117' title='bbox 691 2291 790 2353; x_wconf 89' lang='lat' dir='ltr'><strong>corde</strong></span> <span class='ocrx_word' id='word_1_118' title='bbox 809 2287 958 2366; x_wconf 80' lang='lat' dir='ltr'><strong>furores,</strong></span> <span class='ocrx_word' id='word_1_119' title='bbox 1188 2290 1229 2356; x_wconf 88' lang='grc'><strong>95</strong></span> 
     </span>
    </p>
   </div>
   <div class='ocr_carea' id='block_1_2' title="bbox 106 2446 1235 4334">
    <p class='ocr_par' dir='ltr' id='par_1_2' title="bbox 106 2446 1235 4334">
     <span class='ocr_line' id='line_1_21' title="bbox 106 2446 1230 2514; baseline 0.003 -16"><span class='ocrx_word' id='word_1_120' title='bbox 106 2452 207 2498; x_wconf 77' lang='lat' dir='ltr'><strong>Lachm.</strong></span> <span class='ocrx_word' id='word_1_121' title='bbox 245 2450 287 2500; x_wconf 81' lang='grc'><strong>76.</strong></span> <span class='ocrx_word' id='word_1_122' title='bbox 307 2451 423 2513; x_wconf 74' lang='lat' dir='ltr'><strong>Gortyn,</strong></span> <span class='ocrx_word' id='word_1_123' title='bbox 442 2449 558 2513; x_wconf 70' lang='lat' dir='ltr'><strong>Gortyna</strong></span> <span class='ocrx_word' id='word_1_124' title='bbox 577 2457 601 2499; x_wconf 90' lang='lat' dir='ltr'><strong>et</strong></span> <span class='ocrx_word' id='word_1_125' title='bbox 613 2450 731 2514; x_wconf 74' lang='lat' dir='ltr'><strong>Gortyna</strong></span> <span class='ocrx_word' id='word_1_126' title='bbox 742 2454 800 2499; x_wconf 82' lang='lat' dir='ltr'><strong>urhe</strong></span> <span class='ocrx_word' id='word_1_127' title='bbox 813 2454 900 2500; x_wconf 82' lang='lat' dir='ltr'><strong>Cretae</strong></span> <span class='ocrx_word' id='word_1_128' title='bbox 910 2455 1095 2501; x_wconf 81' lang='lat' dir='ltr'><strong>mediterranea.</strong></span> <span class='ocrx_word' id='word_1_129' title='bbox 1115 2446 1230 2501; x_wconf 74' lang='lat' dir='ltr'><strong>Ceterum</strong></span> 
     </span>
     <span class='ocr_line' id='line_1_22' title="bbox 110 2516 1230 2593; baseline 0.004 -23"><span class='ocrx_word' id='word_1_130' title='bbox 110 2523 201 2580; x_wconf 74' lang='lat' dir='ltr'><strong>odyss.</strong></span> <span class='ocrx_word' id='word_1_131' title='bbox 215 2534 244 2586; x_wconf 79' lang='grc' dir='ltr'><strong>τ,</strong></span> <span class='ocrx_word' id='word_1_132' title='bbox 259 2520 317 2571; x_wconf 75' lang='lat' dir='ltr'><strong>rte.</strong></span> <span class='ocrx_word' id='word_1_133' title='bbox 336 2520 406 2593; x_wconf 79' lang='grc' dir='ltr'><em>τῇσι</em></span> <span class='ocrx_word' id='word_1_134' title='bbox 423 2519 446 2571; x_wconf 81' lang='grc' dir='ltr'><strong>δ’</strong></span> <span class='ocrx_word' id='word_1_135' title='bbox 464 2519 508 2572; x_wconf 76' lang='lat' dir='ltr'><strong>lul</strong></span> <span class='ocrx_word' id='word_1_136' title='bbox 525 2516 664 2584; x_wconf 81' lang='grc' dir='ltr'><strong><em>Κνωσός,</em></strong></span> <span class='ocrx_word' id='word_1_137' title='bbox 681 2519 796 2588; x_wconf 79' lang='grc' dir='ltr'><em>μεγάλη</em></span> <span class='ocrx_word' id='word_1_138' title='bbox 814 2519 914 2586; x_wconf 80' lang='grc' dir='ltr'><em>πόλις·</em></span> <span class='ocrx_word' id='word_1_139' title='bbox 934 2516 1010 2575; x_wconf 60' lang='grc' dir='ltr'><strong>ἔνθα</strong></span> <span class='ocrx_word' id='word_1_140' title='bbox 1025 2538 1057 2575; x_wconf 76' lang='grc' dir='ltr'><strong>τε</strong></span> <span class='ocrx_word' id='word_1_141' title='bbox 1068 2523 1169 2587; x_wconf 83' lang='grc' dir='ltr'><strong><em>Μίνως</em></strong></span> <span class='ocrx_word' id='word_1_142' title='bbox 1185 2522 1230 2574; x_wconf 78' lang='grc' dir='ltr'><strong>ἐν·</strong></span> 
     </span>
     <span class='ocr_line' id='line_1_23' title="bbox 108 2586 1229 2664; baseline -0.002 -21"><span class='ocrx_word' id='word_1_143' title='bbox 108 2591 219 2663; x_wconf 77' lang='grc' dir='ltr'><strong><em>νέωρος</em></strong></span> <span class='ocrx_word' id='word_1_144' title='bbox 243 2589 383 2654; x_wconf 78' lang='grc' dir='ltr'><em>βασίλευε</em></span> <span class='ocrx_word' id='word_1_145' title='bbox 407 2587 479 2653; x_wconf 84' lang='grc' dir='ltr'><em>Διὸς</em></span> <span class='ocrx_word' id='word_1_146' title='bbox 501 2590 634 2657; x_wconf 83' lang='grc' dir='ltr'><em>μεγάλου</em></span> <span class='ocrx_word' id='word_1_147' title='bbox 662 2586 814 2664; x_wconf 77' lang='grc' dir='ltr'><strong><em>ὀαριστής.</em></strong></span> <span class='ocrx_word' id='word_1_148' title='bbox 838 2594 930 2652; x_wconf 77' lang='lat' dir='ltr'><strong>tempta</strong></span> <span class='ocrx_word' id='word_1_149' title='bbox 952 2609 964 2639; x_wconf 83' lang='lat' dir='ltr'><strong>e</strong></span> <span class='ocrx_word' id='word_1_150' title='bbox 986 2594 1047 2640; x_wconf 75' lang='lat' dir='ltr'><strong>Col.</strong></span> <span class='ocrx_word' id='word_1_151' title='bbox 1066 2595 1170 2652; x_wconf 82' lang='lat' dir='ltr'><strong>Guetph.</strong></span> <span class='ocrx_word' id='word_1_152' title='bbox 1194 2597 1229 2641; x_wconf 78' lang='lat' dir='ltr'><strong>at.</strong></span> 
     </span>
     <span class='ocr_line' id='line_1_24' title="bbox 108 2660 1231 2724; baseline 0.004 -18"><span class='ocrx_word' id='word_1_153' title='bbox 108 2665 249 2719; x_wconf 77' lang='lat' dir='ltr'><strong>praeterunt</strong></span> <span class='ocrx_word' id='word_1_154' title='bbox 267 2665 341 2709; x_wconf 83' lang='lat' dir='ltr'><strong>Voss.</strong></span> <span class='ocrx_word' id='word_1_155' title='bbox 355 2663 428 2708; x_wconf 78' lang='lat' dir='ltr'><strong>Walr.</strong></span> <span class='ocrx_word' id='word_1_156' title='bbox 439 2663 469 2707; x_wconf 85' lang='lat' dir='ltr'><strong>ad</strong></span> <span class='ocrx_word' id='word_1_157' title='bbox 480 2663 578 2708; x_wconf 88' lang='lat' dir='ltr'><strong>Lucret.</strong></span> <span class='ocrx_word' id='word_1_158' title='bbox 594 2663 624 2718; x_wconf 88' lang='lat'><strong>1,</strong></span> <span class='ocrx_word' id='word_1_159' title='bbox 641 2660 716 2709; x_wconf 84' lang='lat'><strong>1013.</strong></span> <span class='ocrx_word' id='word_1_160' title='bbox 735 2665 809 2708; x_wconf 84' lang='lat' dir='ltr'><strong>Bach.</strong></span> <span class='ocrx_word' id='word_1_161' title='bbox 827 2666 857 2708; x_wconf 82' lang='lat' dir='ltr'><strong>ad</strong></span> <span class='ocrx_word' id='word_1_162' title='bbox 873 2665 930 2712; x_wconf 81' lang='lat' dir='ltr'><strong>Tib.</strong></span> <span class='ocrx_word' id='word_1_163' title='bbox 947 2676 972 2719; x_wconf 80' lang='lat' dir='ltr'><strong>p.</strong></span> <span class='ocrx_word' id='word_1_164' title='bbox 986 2661 1044 2710; x_wconf 88' lang='grc'><strong>189.</strong></span> <span class='ocrx_word' id='word_1_165' title='bbox 1056 2665 1135 2724; x_wconf 71' lang='lat' dir='ltr'><strong>Sillig.</strong></span> <span class='ocrx_word' id='word_1_166' title='bbox 1154 2660 1231 2712; x_wconf 53' lang='lat' dir='ltr'><strong>niuei</strong></span> 
     </span>
     <span class='ocr_line' id='line_1_25' title="bbox 109 2731 1230 2791; baseline 0.002 -14"><span class='ocrx_word' id='word_1_167' title='bbox 109 2737 168 2777; x_wconf 88' lang='lat' dir='ltr'><strong>runt</strong></span> <span class='ocrx_word' id='word_1_168' title='bbox 185 2737 264 2776; x_wconf 69' lang='lat' dir='ltr'><strong>minen</strong></span> <span class='ocrx_word' id='word_1_169' title='bbox 282 2733 348 2776; x_wconf 72' lang='lat' dir='ltr'><strong>caeli·</strong></span> <span class='ocrx_word' id='word_1_170' title='bbox 365 2747 393 2777; x_wconf 89' lang='lat' dir='ltr'><strong>ac</strong></span> <span class='ocrx_word' id='word_1_171' title='bbox 411 2731 500 2776; x_wconf 84' lang='lat' dir='ltr'><strong>mundi</strong></span> <span class='ocrx_word' id='word_1_172' title='bbox 517 2733 624 2790; x_wconf 81' lang='lat' dir='ltr'><strong>templu,</strong></span> <span class='ocrx_word' id='word_1_173' title='bbox 656 2747 716 2791; x_wconf 83' lang='lat' dir='ltr'><strong>quaa</strong></span> <span class='ocrx_word' id='word_1_174' title='bbox 734 2734 777 2778; x_wconf 87' lang='lat' dir='ltr'><strong>W.</strong></span> <span class='ocrx_word' id='word_1_175' title='bbox 798 2738 937 2791; x_wconf 83' lang='lat' dir='ltr'><strong>comparat;</strong></span> <span class='ocrx_word' id='word_1_176' title='bbox 970 2748 1015 2778; x_wconf 85' lang='lat' dir='ltr'><strong>nec</strong></span> <span class='ocrx_word' id='word_1_177' title='bbox 1038 2733 1109 2779; x_wconf 82' lang='lat' dir='ltr'><strong>facile</strong></span> <span class='ocrx_word' id='word_1_178' title='bbox 1133 2736 1166 2780; x_wconf 85' lang='lat' dir='ltr'><strong>ita</strong></span> <span class='ocrx_word' id='word_1_179' title='bbox 1184 2748 1230 2790; x_wconf 86' lang='lat' dir='ltr'><strong>pro</strong></span> 
     </span>
     <span class='ocr_line' id='line_1_26' title="bbox 109 2801 1233 2862; baseline 0.002 -15"><span class='ocrx_word' id='word_1_180' title='bbox 109 2802 186 2862; x_wconf 78' lang='lat' dir='ltr'><strong>regia</strong></span> <span class='ocrx_word' id='word_1_181' title='bbox 211 2804 247 2847; x_wconf 84' lang='lat' dir='ltr'><strong>uel</strong></span> <span class='ocrx_word' id='word_1_182' title='bbox 272 2801 375 2846; x_wconf 76' lang='lat' dir='ltr'><strong>aedibus</strong></span> <span class='ocrx_word' id='word_1_183' title='bbox 398 2802 515 2860; x_wconf 74' lang='lat' dir='ltr'><strong>superbie</strong></span> <span class='ocrx_word' id='word_1_184' title='bbox 539 2816 563 2848; x_wconf 82' lang='grc'><strong>1.</strong></span> <span class='ocrx_word' id='word_1_185' title='bbox 584 2801 627 2848; x_wconf 81' lang='grc'><strong>86.</strong></span> <span class='ocrx_word' id='word_1_186' title='bbox 647 2805 707 2858; x_wconf 88' lang='lat' dir='ltr'><strong>apud</strong></span> <span class='ocrx_word' id='word_1_187' title='bbox 731 2803 813 2858; x_wconf 83' lang='lat' dir='ltr'><strong>epicos</strong></span> <span class='ocrx_word' id='word_1_188' title='bbox 837 2804 955 2860; x_wconf 83' lang='lat' dir='ltr'><strong>templum</strong></span> <span class='ocrx_word' id='word_1_189' title='bbox 977 2804 1107 2848; x_wconf 79' lang='lat' dir='ltr'><strong>inveneris.</strong></span> <span class='ocrx_word' id='word_1_190' title='bbox 1143 2804 1233 2849; x_wconf 71' lang='lat' dir='ltr'><strong>uiuere</strong></span> 
     </span>
     <span class='ocr_line' id='line_1_27' title="bbox 108 2871 1233 2931; baseline 0.002 -15"><span class='ocrx_word' id='word_1_191' title='bbox 108 2873 203 2928; x_wconf 86' lang='lat' dir='ltr'><strong>pariter</strong></span> <span class='ocrx_word' id='word_1_192' title='bbox 227 2876 251 2916; x_wconf 88' lang='lat' dir='ltr'><strong>et</strong></span> <span class='ocrx_word' id='word_1_193' title='bbox 273 2873 332 2917; x_wconf 90' lang='lat' dir='ltr'><strong>illud</strong></span> <span class='ocrx_word' id='word_1_194' title='bbox 356 2871 470 2918; x_wconf 87' lang='lat' dir='ltr'><strong>Oratorts</strong></span> <span class='ocrx_word' id='word_1_195' title='bbox 494 2887 539 2928; x_wconf 89' lang='lat' dir='ltr'><strong>pro</strong></span> <span class='ocrx_word' id='word_1_196' title='bbox 557 2874 634 2918; x_wconf 88' lang='lat' dir='ltr'><strong>Domo</strong></span> <span class='ocrx_word' id='word_1_197' title='bbox 653 2873 696 2918; x_wconf 90' lang='lat'><strong>51.</strong></span> <span class='ocrx_word' id='word_1_198' title='bbox 720 2872 843 2927; x_wconf 85' lang='lat' dir='ltr'><strong>(curium)</strong></span> <span class='ocrx_word' id='word_1_199' title='bbox 861 2873 946 2918; x_wconf 79' lang='lat' dir='ltr'><strong>sedem</strong></span> <span class='ocrx_word' id='word_1_200' title='bbox 964 2873 1046 2931; x_wconf 76' lang='lat' dir='ltr'><strong>ipsum</strong></span> <span class='ocrx_word' id='word_1_201' title='bbox 1064 2887 1095 2917; x_wconf 88' lang='lat' dir='ltr'><strong>uc</strong></span> <span class='ocrx_word' id='word_1_202' title='bbox 1112 2875 1233 2931; x_wconf 79' lang='lat' dir='ltr'><strong>ternplum</strong></span> 
     </span>
     <span class='ocr_line' id='line_1_28' title="bbox 107 2940 1232 3002; baseline 0.003 -18"><span class='ocrx_word' id='word_1_203' title='bbox 107 2941 207 3000; x_wconf 80' lang='lat' dir='ltr'><strong>publici</strong></span> <span class='ocrx_word' id='word_1_204' title='bbox 223 2941 339 2996; x_wconf 74' lang='lat' dir='ltr'><strong>consilii,</strong></span> <span class='ocrx_word' id='word_1_205' title='bbox 359 2948 384 2986; x_wconf 90' lang='lat' dir='ltr'><strong>et</strong></span> <span class='ocrx_word' id='word_1_206' title='bbox 398 2943 496 2988; x_wconf 86' lang='lat' dir='ltr'><strong>Lueret.</strong></span> <span class='ocrx_word' id='word_1_207' title='bbox 511 2941 541 2997; x_wconf 84' lang='grc'><strong>2,</strong></span> <span class='ocrx_word' id='word_1_208' title='bbox 557 2940 600 2988; x_wconf 84' lang='grc'><strong>23.</strong></span> <span class='ocrx_word' id='word_1_209' title='bbox 619 2945 736 3002; x_wconf 76' lang='lat' dir='ltr'><strong>laqueato</strong></span> <span class='ocrx_word' id='word_1_210' title='bbox 754 2947 892 3002; x_wconf 78' lang='lat' dir='ltr'><strong>durataque</strong></span> <span class='ocrx_word' id='word_1_211' title='bbox 904 2943 1006 3000; x_wconf 80' lang='lat' dir='ltr'><strong>templa.</strong></span> <span class='ocrx_word' id='word_1_212' title='bbox 1035 2942 1111 2988; x_wconf 89' lang='lat' dir='ltr'><strong>lmmo</strong></span> <span class='ocrx_word' id='word_1_213' title='bbox 1122 2944 1232 2988; x_wconf 84' lang='lat' dir='ltr'><strong>Deorum</strong></span> 
     </span>
     <span class='ocr_line' id='line_1_29' title="bbox 110 3009 1232 3069; baseline 0.003 -15"><span class='ocrx_word' id='word_1_214' title='bbox 110 3024 207 3069; x_wconf 84' lang='lat' dir='ltr'><strong>quoque</strong></span> <span class='ocrx_word' id='word_1_215' title='bbox 223 3015 279 3054; x_wconf 82' lang='lat' dir='ltr'><strong>sunt</strong></span> <span class='ocrx_word' id='word_1_216' title='bbox 291 3016 373 3066; x_wconf 82' lang='lat' dir='ltr'><strong>leclu;</strong></span> <span class='ocrx_word' id='word_1_217' title='bbox 392 3012 491 3057; x_wconf 87' lang='lat' dir='ltr'><strong>Cereris</strong></span> <span class='ocrx_word' id='word_1_218' title='bbox 507 3018 570 3056; x_wconf 82' lang='lat' dir='ltr'><strong>certe</strong></span> <span class='ocrx_word' id='word_1_219' title='bbox 586 3027 624 3069; x_wconf 88' lang='lat' dir='ltr'><strong>ap.</strong></span> <span class='ocrx_word' id='word_1_220' title='bbox 639 3014 725 3057; x_wconf 87' lang='lat' dir='ltr'><strong>Claud.</strong></span> <span class='ocrx_word' id='word_1_221' title='bbox 739 3012 767 3056; x_wconf 86' lang='lat' dir='ltr'><strong>de</strong></span> <span class='ocrx_word' id='word_1_222' title='bbox 780 3012 857 3067; x_wconf 81' lang='lat' dir='ltr'><strong>Rapta</strong></span> <span class='ocrx_word' id='word_1_223' title='bbox 869 3013 943 3058; x_wconf 86' lang='lat' dir='ltr'><strong>Pros.</strong></span> <span class='ocrx_word' id='word_1_224' title='bbox 958 3013 986 3067; x_wconf 88' lang='lat'><strong>1,</strong></span> <span class='ocrx_word' id='word_1_225' title='bbox 1001 3009 1061 3058; x_wconf 84' lang='grc'><strong>235.</strong></span> <span class='ocrx_word' id='word_1_226' title='bbox 1100 3011 1141 3059; x_wconf 82' lang='grc'><strong>18.</strong></span> <span class='ocrx_word' id='word_1_227' title='bbox 1162 3013 1232 3068; x_wconf 76' lang='lat' dir='ltr'><strong>„Au-</strong></span> 
     </span>
     <span class='ocr_line' id='line_1_30' title="bbox 110 3081 1231 3140; baseline 0.001 -16"><span class='ocrx_word' id='word_1_228' title='bbox 110 3081 234 3140; x_wconf 78' lang='lat' dir='ltr'><strong>drogeos‚</strong></span> <span class='ocrx_word' id='word_1_229' title='bbox 260 3081 350 3126; x_wconf 86' lang='lat' dir='ltr'><strong>Minois</strong></span> <span class='ocrx_word' id='word_1_230' title='bbox 369 3087 393 3126; x_wconf 90' lang='lat' dir='ltr'><strong>et</strong></span> <span class='ocrx_word' id='word_1_231' title='bbox 410 3082 543 3138; x_wconf 68' lang='lat' dir='ltr'><strong>Pasiphaes</strong></span> <span class='ocrx_word' id='word_1_232' title='bbox 561 3081 640 3137; x_wconf 84' lang='lat' dir='ltr'><strong>lilius,</strong></span> <span class='ocrx_word' id='word_1_233' title='bbox 668 3096 740 3136; x_wconf 81' lang='lat' dir='ltr'><strong>saepe</strong></span> <span class='ocrx_word' id='word_1_234' title='bbox 759 3082 783 3127; x_wconf 91' lang='lat' dir='ltr'><strong>in</strong></span> <span class='ocrx_word' id='word_1_235' title='bbox 802 3081 904 3136; x_wconf 83' lang='lat' dir='ltr'><strong>publicis</strong></span> <span class='ocrx_word' id='word_1_236' title='bbox 923 3083 1039 3128; x_wconf 83' lang='lat' dir='ltr'><strong>Graeciae</strong></span> <span class='ocrx_word' id='word_1_237' title='bbox 1058 3084 1119 3128; x_wconf 89' lang='lat' dir='ltr'><strong>ludis</strong></span> <span class='ocrx_word' id='word_1_238' title='bbox 1137 3081 1231 3137; x_wconf 81' lang='lat' dir='ltr'><strong>victor,</strong></span> 
     </span>
     <span class='ocr_line' id='line_1_31' title="bbox 110 3146 1231 3210; baseline -0.001 -13"><span class='ocrx_word' id='word_1_239' title='bbox 110 3165 142 3197; x_wconf 84' lang='lat' dir='ltr'><strong>ex</strong></span> <span class='ocrx_word' id='word_1_240' title='bbox 160 3150 248 3194; x_wconf 84' lang='lat' dir='ltr'><strong>invidia</strong></span> <span class='ocrx_word' id='word_1_241' title='bbox 267 3153 362 3196; x_wconf 86' lang='lat' dir='ltr'><strong>occisus</strong></span> <span class='ocrx_word' id='word_1_242' title='bbox 381 3157 417 3195; x_wconf 89' lang='lat' dir='ltr'><strong>est</strong></span> <span class='ocrx_word' id='word_1_243' title='bbox 432 3153 462 3196; x_wconf 88' lang='lat' dir='ltr'><strong>ab</strong></span> <span class='ocrx_word' id='word_1_244' title='bbox 475 3152 660 3196; x_wconf 77' lang='lat' dir='ltr'><strong>Atheniensibus</strong></span> <span class='ocrx_word' id='word_1_245' title='bbox 674 3159 696 3197; x_wconf 89' lang='lat' dir='ltr'><strong>et</strong></span> <span class='ocrx_word' id='word_1_246' title='bbox 709 3146 904 3210; x_wconf 76' lang='lat' dir='ltr'><strong>Megarensibus.</strong></span> <span class='ocrx_word' id='word_1_247' title='bbox 923 3153 1037 3209; x_wconf 77' lang='lat' dir='ltr'><strong>Apollod.</strong></span> <span class='ocrx_word' id='word_1_248' title='bbox 1052 3149 1080 3208; x_wconf 84' lang='grc'><strong>3,</strong></span> <span class='ocrx_word' id='word_1_249' title='bbox 1096 3152 1138 3199; x_wconf 89' lang='grc'><strong>15.</strong></span> <span class='ocrx_word' id='word_1_250' title='bbox 1159 3152 1231 3198; x_wconf 79' lang='lat' dir='ltr'><strong>Ouid.</strong></span> 
     </span>
     <span class='ocr_line' id='line_1_32' title="bbox 110 3217 1230 3282; baseline 0.001 -15"><span class='ocrx_word' id='word_1_251' title='bbox 110 3223 172 3268; x_wconf 71' lang='lat' dir='ltr'><strong>tuor.</strong></span> <span class='ocrx_word' id='word_1_252' title='bbox 187 3217 216 3275; x_wconf 81' lang='grc'><strong>7,</strong></span> <span class='ocrx_word' id='word_1_253' title='bbox 233 3217 299 3276; x_wconf 76' lang='grc' dir='ltr'><strong>156ς</strong></span> <span class='ocrx_word' id='word_1_254' title='bbox 320 3218 350 3274; x_wconf 91' lang='grc'><strong>8,</strong></span> <span class='ocrx_word' id='word_1_255' title='bbox 371 3218 446 3266; x_wconf 82' lang='grc'><strong>153.”</strong></span> <span class='ocrx_word' id='word_1_256' title='bbox 461 3223 536 3266; x_wconf 85' lang='lat' dir='ltr'><strong>Doer.</strong></span> <span class='ocrx_word' id='word_1_257' title='bbox 575 3219 618 3267; x_wconf 86' lang='lat'><strong>81.</strong></span> <span class='ocrx_word' id='word_1_258' title='bbox 637 3228 749 3282; x_wconf 80' lang='lat' dir='ltr'><strong>ungusta</strong></span> <span class='ocrx_word' id='word_1_259' title='bbox 765 3224 829 3268; x_wconf 86' lang='lat' dir='ltr'><strong>Scal.</strong></span> <span class='ocrx_word' id='word_1_260' title='bbox 868 3220 910 3268; x_wconf 91' lang='grc'><strong>81.</strong></span> <span class='ocrx_word' id='word_1_261' title='bbox 930 3237 975 3267; x_wconf 81' lang='lat' dir='ltr'><strong>nec</strong></span> <span class='ocrx_word' id='word_1_262' title='bbox 985 3219 1084 3280; x_wconf 81' lang='lat' dir='ltr'><strong>suneru</strong></span> <span class='ocrx_word' id='word_1_263' title='bbox 1102 3237 1156 3268; x_wconf 81' lang='lat' dir='ltr'><strong>curn</strong></span> <span class='ocrx_word' id='word_1_264' title='bbox 1168 3223 1230 3268; x_wconf 85' lang='lat' dir='ltr'><strong>Cdd.</strong></span> 
     </span>
     <span class='ocr_line' id='line_1_33' title="bbox 110 3287 1234 3352; baseline 0 -16"><span class='ocrx_word' id='word_1_265' title='bbox 110 3291 207 3337; x_wconf 80' lang='grc' dir='ltr'><strong>Α11.1.</strong></span> <span class='ocrx_word' id='word_1_266' title='bbox 232 3289 333 3335; x_wconf 83' lang='lat' dir='ltr'><strong>Lachm.</strong></span> <span class='ocrx_word' id='word_1_267' title='bbox 358 3292 437 3349; x_wconf 83' lang='lat' dir='ltr'><strong>Vulgo</strong></span> <span class='ocrx_word' id='word_1_268' title='bbox 467 3287 612 3348; x_wconf 62' lang='lat' dir='ltr'><strong>nur-sunere.</strong></span> <span class='ocrx_word' id='word_1_269' title='bbox 642 3293 738 3336; x_wconf 80' lang='lat' dir='ltr'><strong>Dictum</strong></span> <span class='ocrx_word' id='word_1_270' title='bbox 765 3298 816 3348; x_wconf 83' lang='lat' dir='ltr'><strong>est,</strong></span> <span class='ocrx_word' id='word_1_271' title='bbox 849 3298 873 3337; x_wconf 93' lang='lat' dir='ltr'><strong>ut</strong></span> <span class='ocrx_word' id='word_1_272' title='bbox 893 3306 940 3336; x_wconf 84' lang='lat' dir='ltr'><strong>nec</strong></span> <span class='ocrx_word' id='word_1_273' title='bbox 963 3293 1088 3350; x_wconf 79' lang='lat' dir='ltr'><strong>mancipi,</strong></span> <span class='ocrx_word' id='word_1_274' title='bbox 1113 3290 1164 3352; x_wconf 81' lang='lat' dir='ltr'><strong>sur</strong></span> <span class='ocrx_word' id='word_1_275' title='bbox 1187 3305 1234 3336; x_wconf 77' lang='lat' dir='ltr'><strong>nec</strong></span> 
     </span>
     <span class='ocr_line' id='line_1_34' title="bbox 110 3353 1234 3426; baseline 0.004 -20"><span class='ocrx_word' id='word_1_276' title='bbox 110 3357 278 3418; x_wconf 73' lang='lat' dir='ltr'><strong>manifestus,</strong></span> <span class='ocrx_word' id='word_1_277' title='bbox 299 3374 343 3416; x_wconf 90' lang='lat' dir='ltr'><strong>pro</strong></span> <span class='ocrx_word' id='word_1_278' title='bbox 358 3374 408 3405; x_wconf 89' lang='lat' dir='ltr'><strong>non</strong></span> <span class='ocrx_word' id='word_1_279' title='bbox 419 3358 527 3419; x_wconf 80' lang='lat' dir='ltr'><strong>sunere.</strong></span> <span class='ocrx_word' id='word_1_280' title='bbox 547 3362 656 3406; x_wconf 83' lang='lat' dir='ltr'><strong>Graecos</strong></span> <span class='ocrx_word' id='word_1_281' title='bbox 671 3363 778 3406; x_wconf 87' lang='lat' dir='ltr'><strong>imitatur</strong></span> <span class='ocrx_word' id='word_1_282' title='bbox 794 3363 834 3418; x_wconf 84' lang='lat' dir='ltr'><strong>(v.</strong></span> <span class='ocrx_word' id='word_1_283' title='bbox 847 3377 869 3407; x_wconf 87' lang='lat' dir='ltr'><strong>c.</strong></span> <span class='ocrx_word' id='word_1_284' title='bbox 883 3355 977 3423; x_wconf 65' lang='grc' dir='ltr'><strong><em>ὕπνος</em></strong></span> <span class='ocrx_word' id='word_1_285' title='bbox 987 3353 1116 3423; x_wconf 74' lang='grc' dir='ltr'><strong>ἄϋπνος,</strong></span> <span class='ocrx_word' id='word_1_286' title='bbox 1135 3358 1234 3426; x_wconf 77' lang='grc' dir='ltr'><em>γάμος</em></span> 
     </span>
     <span class='ocr_line' id='line_1_35' title="bbox 109 3422 1234 3502; baseline -0.001 -22"><span class='ocrx_word' id='word_1_287' title='bbox 109 3422 245 3495; x_wconf 81' lang='grc' dir='ltr'><strong>ἄγαμος,</strong></span> <span class='ocrx_word' id='word_1_288' title='bbox 264 3427 378 3494; x_wconf 81' lang='grc' dir='ltr'><em>πότμος</em></span> <span class='ocrx_word' id='word_1_289' title='bbox 389 3423 540 3494; x_wconf 76' lang='grc' dir='ltr'><strong>ἄποτμος,</strong></span> <span class='ocrx_word' id='word_1_290' title='bbox 555 3423 629 3502; x_wconf 79' lang='grc' dir='ltr'><strong><em>Ἶρος</em></strong></span> <span class='ocrx_word' id='word_1_291' title='bbox 639 3424 739 3500; x_wconf 79' lang='grc' dir='ltr'><strong>ἄῖρος,</strong></span> <span class='ocrx_word' id='word_1_292' title='bbox 756 3431 824 3494; x_wconf 74' lang='grc' dir='ltr'><em>βίος</em></span> <span class='ocrx_word' id='word_1_293' title='bbox 835 3426 978 3494; x_wconf 79' lang='grc' dir='ltr'><strong>ἀβίωτος,</strong></span> <span class='ocrx_word' id='word_1_294' title='bbox 997 3428 1092 3500; x_wconf 74' lang='grc' dir='ltr'><em>δῶρον</em></span> <span class='ocrx_word' id='word_1_295' title='bbox 1103 3423 1234 3499; x_wconf 73' lang='grc' dir='ltr'>ἄδωρον)</span> 
     </span>
     <span class='ocr_line' id='line_1_36' title="bbox 112 3498 1232 3560; baseline 0.001 -15"><span class='ocrx_word' id='word_1_296' title='bbox 112 3515 159 3545; x_wconf 93' lang='lat' dir='ltr'><strong>non</strong></span> <span class='ocrx_word' id='word_1_297' title='bbox 179 3505 226 3544; x_wconf 89' lang='lat' dir='ltr'><strong>tam</strong></span> <span class='ocrx_word' id='word_1_298' title='bbox 244 3501 300 3544; x_wconf 77' lang='lat' dir='ltr'><strong>uisu</strong></span> <span class='ocrx_word' id='word_1_299' title='bbox 311 3498 410 3558; x_wconf 80' lang='lat' dir='ltr'><strong>suneru</strong></span> <span class='ocrx_word' id='word_1_300' title='bbox 426 3500 579 3558; x_wconf 85' lang='lat' dir='ltr'><strong>significans,</strong></span> <span class='ocrx_word' id='word_1_301' title='bbox 610 3516 680 3560; x_wconf 84' lang='lat' dir='ltr'><strong>quam</strong></span> <span class='ocrx_word' id='word_1_302' title='bbox 698 3515 805 3559; x_wconf 78' lang='lat' dir='ltr'><strong>corpora</strong></span> <span class='ocrx_word' id='word_1_303' title='bbox 823 3502 984 3546; x_wconf 74' lang='lat' dir='ltr'><strong>miserrimus</strong></span> <span class='ocrx_word' id='word_1_304' title='bbox 1001 3501 1078 3545; x_wconf 82' lang='lat' dir='ltr'><strong>morli</strong></span> <span class='ocrx_word' id='word_1_305' title='bbox 1094 3501 1232 3546; x_wconf 78' lang='lat' dir='ltr'><strong>destinata.</strong></span> 
     </span>
     <span class='ocr_line' id='line_1_37' title="bbox 111 3570 1233 3628; baseline 0.001 -14"><span class='ocrx_word' id='word_1_306' title='bbox 111 3570 218 3625; x_wconf 83' lang='lat' dir='ltr'><strong>Propter</strong></span> <span class='ocrx_word' id='word_1_307' title='bbox 242 3571 363 3614; x_wconf 84' lang='lat' dir='ltr'><strong>diversam</strong></span> <span class='ocrx_word' id='word_1_308' title='bbox 389 3571 484 3628; x_wconf 80' lang='lat' dir='ltr'><strong>linguas</strong></span> <span class='ocrx_word' id='word_1_309' title='bbox 508 3573 613 3616; x_wconf 85' lang='lat' dir='ltr'><strong>indolem</strong></span> <span class='ocrx_word' id='word_1_310' title='bbox 632 3573 757 3616; x_wconf 86' lang='lat' dir='ltr'><strong>rarissime</strong></span> <span class='ocrx_word' id='word_1_311' title='bbox 775 3574 833 3616; x_wconf 86' lang='lat' dir='ltr'><strong>talla</strong></span> <span class='ocrx_word' id='word_1_312' title='bbox 851 3574 903 3617; x_wconf 87' lang='lat' dir='ltr'><strong>ausi</strong></span> <span class='ocrx_word' id='word_1_313' title='bbox 922 3576 977 3616; x_wconf 88' lang='lat' dir='ltr'><strong>sunt</strong></span> <span class='ocrx_word' id='word_1_314' title='bbox 994 3571 1089 3628; x_wconf 90' lang='lat' dir='ltr'><strong>Latini;</strong></span> <span class='ocrx_word' id='word_1_315' title='bbox 1122 3573 1233 3628; x_wconf 82' lang='lat' dir='ltr'><strong>proxime</strong></span> 
     </span>
     <span class='ocr_line' id='line_1_38' title="bbox 112 3638 1232 3699; baseline 0 -14"><span class='ocrx_word' id='word_1_316' title='bbox 112 3641 228 3685; x_wconf 82' lang='lat' dir='ltr'><strong>accedunt</strong></span> <span class='ocrx_word' id='word_1_317' title='bbox 245 3640 334 3684; x_wconf 80' lang='lat' dir='ltr'><strong>veteris</strong></span> <span class='ocrx_word' id='word_1_318' title='bbox 352 3643 436 3694; x_wconf 75' lang='lat' dir='ltr'><strong>poetae</strong></span> <span class='ocrx_word' id='word_1_319' title='bbox 456 3655 495 3696; x_wconf 87' lang='lat' dir='ltr'><strong>ap.</strong></span> <span class='ocrx_word' id='word_1_320' title='bbox 515 3642 567 3687; x_wconf 83' lang='lat' dir='ltr'><strong>Cic.</strong></span> <span class='ocrx_word' id='word_1_321' title='bbox 582 3644 610 3686; x_wconf 84' lang='lat' dir='ltr'><strong>de</strong></span> <span class='ocrx_word' id='word_1_322' title='bbox 626 3642 696 3688; x_wconf 84' lang='lat' dir='ltr'><strong>Orat.</strong></span> <span class='ocrx_word' id='word_1_323' title='bbox 711 3638 740 3696; x_wconf 83' lang='lat'><strong>3,</strong></span> <span class='ocrx_word' id='word_1_324' title='bbox 765 3638 806 3688; x_wconf 86' lang='grc'><strong>59.</strong></span> <span class='ocrx_word' id='word_1_325' title='bbox 827 3642 946 3699; x_wconf 80' lang='lat' dir='ltr'><strong>innuptae</strong></span> <span class='ocrx_word' id='word_1_326' title='bbox 965 3641 1081 3698; x_wconf 77' lang='lat' dir='ltr'><strong>nuptiae,</strong></span> <span class='ocrx_word' id='word_1_327' title='bbox 1101 3641 1175 3685; x_wconf 84' lang='lat' dir='ltr'><strong>Ennii</strong></span> <span class='ocrx_word' id='word_1_328' title='bbox 1191 3653 1232 3695; x_wconf 81' lang='lat' dir='ltr'><strong>ap.</strong></span> 
     </span>
     <span class='ocr_line' id='line_1_39' title="bbox 113 3706 1234 3768; baseline -0.002 -14"><span class='ocrx_word' id='word_1_329' title='bbox 113 3710 232 3755; x_wconf 72' lang='lat' dir='ltr'><strong>(liccat.</strong></span> <span class='ocrx_word' id='word_1_330' title='bbox 246 3710 303 3752; x_wconf 87' lang='lat' dir='ltr'><strong>mai.</strong></span> <span class='ocrx_word' id='word_1_331' title='bbox 317 3706 348 3764; x_wconf 78' lang='lat'><strong>6,</strong></span> <span class='ocrx_word' id='word_1_332' title='bbox 371 3708 411 3758; x_wconf 87' lang='grc'><strong>16.</strong></span> <span class='ocrx_word' id='word_1_333' title='bbox 434 3717 529 3756; x_wconf 80' lang='lat' dir='ltr'><strong>naenlea</strong></span> <span class='ocrx_word' id='word_1_334' title='bbox 542 3737 551 3748; x_wconf 93' lang='lat'><em>-</em></span> <span class='ocrx_word' id='word_1_335' title='bbox 565 3737 575 3748; x_wconf 88' lang='lat'>-</span> <span class='ocrx_word' id='word_1_336' title='bbox 587 3711 723 3757; x_wconf 81' lang='lat' dir='ltr'><strong>dementes.</strong></span> <span class='ocrx_word' id='word_1_337' title='bbox 743 3711 868 3758; x_wconf 84' lang='lat' dir='ltr'><strong>Ciceronis</strong></span> <span class='ocrx_word' id='word_1_338' title='bbox 885 3714 960 3768; x_wconf 88' lang='lat' dir='ltr'><strong>ipsius</strong></span> <span class='ocrx_word' id='word_1_339' title='bbox 975 3710 1130 3766; x_wconf 70' lang='lat' dir='ltr'><strong>Philippi,</strong></span> <span class='ocrx_word' id='word_1_340' title='bbox 1149 3708 1173 3754; x_wconf 90' lang='grc'><strong>2.</strong></span> <span class='ocrx_word' id='word_1_341' title='bbox 1194 3709 1234 3754; x_wconf 77' lang='lat' dir='ltr'><strong>in-</strong></span> 
     </span>
     <span class='ocr_line' id='line_1_40' title="bbox 111 3778 1232 3840; baseline 0.002 -17"><span class='ocrx_word' id='word_1_342' title='bbox 111 3780 211 3838; x_wconf 68' lang='lat' dir='ltr'><strong>sepulta</strong></span> <span class='ocrx_word' id='word_1_343' title='bbox 229 3781 370 3837; x_wconf 78' lang='lat' dir='ltr'><strong>sepulture.</strong></span> <span class='ocrx_word' id='word_1_344' title='bbox 398 3780 482 3828; x_wconf 78' lang='lat' dir='ltr'><strong>Horat.</strong></span> <span class='ocrx_word' id='word_1_345' title='bbox 503 3782 585 3830; x_wconf 85' lang='lat' dir='ltr'><strong>Carm.</strong></span> <span class='ocrx_word' id='word_1_346' title='bbox 602 3781 633 3837; x_wconf 94' lang='lat'><strong>1,</strong></span> <span class='ocrx_word' id='word_1_347' title='bbox 654 3779 696 3829; x_wconf 82' lang='grc'><strong>31.</strong></span> <span class='ocrx_word' id='word_1_348' title='bbox 722 3782 876 3828; x_wconf 75' lang='lat' dir='ltr'><strong>insanientis</strong></span> <span class='ocrx_word' id='word_1_349' title='bbox 900 3781 1050 3840; x_wconf 80' lang='lat' dir='ltr'><strong>supientiae.</strong></span> <span class='ocrx_word' id='word_1_350' title='bbox 1115 3778 1158 3827; x_wconf 90' lang='grc'><strong>89.</strong></span> <span class='ocrx_word' id='word_1_351' title='bbox 1178 3779 1232 3825; x_wconf 79' lang='lat' dir='ltr'><strong>Cir.</strong></span> 
     </span>
     <span class='ocr_line' id='line_1_41' title="bbox 113 3845 1235 3911; baseline 0.002 -17"><span class='ocrx_word' id='word_1_352' title='bbox 113 3847 198 3903; x_wconf 76' lang='lat' dir='ltr'><strong>ule,</strong></span> <span class='ocrx_word' id='word_1_353' title='bbox 214 3845 274 3894; x_wconf 83' lang='grc'><strong>136.</strong></span> <span class='ocrx_word' id='word_1_354' title='bbox 294 3850 421 3894; x_wconf 81' lang='lat' dir='ltr'><strong>Theocrit:</strong></span> <span class='ocrx_word' id='word_1_355' title='bbox 431 3848 478 3904; x_wconf 91' lang='grc'><strong>21,</strong></span> <span class='ocrx_word' id='word_1_356' title='bbox 496 3849 554 3897; x_wconf 82' lang='lat'><strong>10¹.</strong></span> <span class='ocrx_word' id='word_1_357' title='bbox 592 3849 634 3898; x_wconf 83' lang='lat'><strong>90.</strong></span> <span class='ocrx_word' id='word_1_358' title='bbox 654 3857 752 3911; x_wconf 80' lang='lat' dir='ltr'><strong>myrtos</strong></span> <span class='ocrx_word' id='word_1_359' title='bbox 766 3853 840 3896; x_wconf 88' lang='lat' dir='ltr'><strong>Doer.</strong></span> <span class='ocrx_word' id='word_1_360' title='bbox 879 3849 920 3897; x_wconf 89' lang='grc'><strong>95.</strong></span> <span class='ocrx_word' id='word_1_361' title='bbox 941 3851 964 3895; x_wconf 87' lang='lat' dir='ltr'><strong>h.</strong></span> <span class='ocrx_word' id='word_1_362' title='bbox 982 3865 1079 3897; x_wconf 85' lang='lat' dir='ltr'><strong>versum</strong></span> <span class='ocrx_word' id='word_1_363' title='bbox 1090 3852 1120 3896; x_wconf 87' lang='lat' dir='ltr'><strong>ad</strong></span> <span class='ocrx_word' id='word_1_364' title='bbox 1132 3865 1235 3908; x_wconf 80' lang='lat' dir='ltr'><strong>sequeu-</strong></span> 
     </span>
     <span class='ocr_line' id='line_1_42' title="bbox 112 3919 1232 3981; baseline -0.001 -16"><span class='ocrx_word' id='word_1_365' title='bbox 112 3925 162 3965; x_wconf 85' lang='lat' dir='ltr'><strong>tem</strong></span> <span class='ocrx_word' id='word_1_366' title='bbox 179 3920 277 3963; x_wconf 87' lang='lat' dir='ltr'><strong>trahunt</strong></span> <span class='ocrx_word' id='word_1_367' title='bbox 301 3919 387 3973; x_wconf 76' lang='grc'><strong>11111,</strong></span> <span class='ocrx_word' id='word_1_368' title='bbox 406 3921 513 3975; x_wconf 81' lang='lat' dir='ltr'><strong>Fuscus,</strong></span> <span class='ocrx_word' id='word_1_369' title='bbox 543 3921 648 3977; x_wconf 87' lang='lat' dir='ltr'><strong>Gurlitt,</strong></span> <span class='ocrx_word' id='word_1_370' title='bbox 683 3923 777 3977; x_wconf 90' lang='lat' dir='ltr'><strong>Doer.‚</strong></span> <span class='ocrx_word' id='word_1_371' title='bbox 804 3921 914 3966; x_wconf 81' lang='lat' dir='ltr'><strong>Huschke</strong></span> <span class='ocrx_word' id='word_1_372' title='bbox 935 3921 1005 3966; x_wconf 77' lang='lat' dir='ltr'><strong>Anat.</strong></span> <span class='ocrx_word' id='word_1_373' title='bbox 1030 3922 1084 3966; x_wconf 90' lang='lat' dir='ltr'><strong>crit.</strong></span> <span class='ocrx_word' id='word_1_374' title='bbox 1114 3935 1168 3981; x_wconf 82' lang='lat' dir='ltr'><strong>pag.</strong></span> <span class='ocrx_word' id='word_1_375' title='bbox 1190 3919 1232 3968; x_wconf 84' lang='lat'><strong>50.</strong></span> 
     </span>
     <span class='ocr_line' id='line_1_43' title="bbox 113 3978 1234 4060; baseline 0.006 -26"><span class='ocrx_word' id='word_1_376' title='bbox 113 3991 153 4048; x_wconf 87' lang='lat' dir='ltr'><strong>qui</strong></span> <span class='ocrx_word' id='word_1_377' title='bbox 181 3990 242 4034; x_wconf 81' lang='lat' dir='ltr'><strong>scits</strong></span> <span class='ocrx_word' id='word_1_378' title='bbox 269 3988 382 4034; x_wconf 79' lang='lat' dir='ltr'><strong>observat</strong></span> <span class='ocrx_word' id='word_1_379' title='bbox 408 3991 517 4045; x_wconf 85' lang='lat' dir='ltr'><strong>Euripid.</strong></span> <span class='ocrx_word' id='word_1_380' title='bbox 550 3993 646 4047; x_wconf 87' lang='lat' dir='ltr'><strong>Hippnl.</strong></span> <span class='ocrx_word' id='word_1_381' title='bbox 676 3989 753 4037; x_wconf 87' lang='grc'><strong>1261.</strong></span> <span class='ocrx_word' id='word_1_382' title='bbox 781 3991 893 4035; x_wconf 87' lang='lat' dir='ltr'><strong>similiter</strong></span> <span class='ocrx_word' id='word_1_383' title='bbox 925 3991 1031 4037; x_wconf 79' lang='lat' dir='ltr'><strong>dixisse:</strong></span> <span class='ocrx_word' id='word_1_384' title='bbox 1065 3983 1177 4060; x_wconf 71' lang='grc' dir='ltr'><strong>Ἔρως,</strong></span> <span class='ocrx_word' id='word_1_385' title='bbox 1210 3978 1234 4058; x_wconf 67' lang='grc' dir='ltr'><strong><em>ᾧ</em></strong></span> 
     </span>
     <span class='ocr_line' id='line_1_44' title="bbox 111 4055 1233 4132; baseline -0.003 -23"><span class='ocrx_word' id='word_1_386' title='bbox 111 4058 283 4126; x_wconf 70' lang='grc' dir='ltr'><em>μαινομένᾳ</em></span> <span class='ocrx_word' id='word_1_387' title='bbox 312 4057 419 4129; x_wconf 71' lang='grc' dir='ltr'><strong><em>κραδίᾳ</em></strong></span> <span class='ocrx_word' id='word_1_388' title='bbox 444 4055 555 4122; x_wconf 79' lang='grc' dir='ltr'><strong><em>πτανὸς</em></strong></span> <span class='ocrx_word' id='word_1_389' title='bbox 581 4056 751 4132; x_wconf 74' lang='grc' dir='ltr'><em>ἐφορμάσῃ,</em></span> <span class='ocrx_word' id='word_1_390' title='bbox 782 4061 834 4104; x_wconf 87' lang='lat' dir='ltr'><strong>Cic.</strong></span> <span class='ocrx_word' id='word_1_391' title='bbox 850 4061 879 4105; x_wconf 86' lang='lat' dir='ltr'><strong>ad</strong></span> <span class='ocrx_word' id='word_1_392' title='bbox 897 4061 947 4104; x_wconf 78' lang='lat' dir='ltr'><strong>nu.</strong></span> <span class='ocrx_word' id='word_1_393' title='bbox 968 4057 999 4116; x_wconf 78' lang='lat'><strong>3,</strong></span> <span class='ocrx_word' id='word_1_394' title='bbox 1022 4059 1046 4107; x_wconf 80' lang='lat' dir='ltr'><strong>l.</strong></span> <span class='ocrx_word' id='word_1_395' title='bbox 1075 4075 1233 4115; x_wconf 76' lang='lat' dir='ltr'><strong>maerorem,</strong></span> 
     </span>
     <span class='ocr_line' id='line_1_45' title="bbox 113 4125 1234 4192; baseline 0 -17"><span class='ocrx_word' id='word_1_396' title='bbox 113 4130 194 4175; x_wconf 86' lang='lat' dir='ltr'><strong>Tacit.</strong></span> <span class='ocrx_word' id='word_1_397' title='bbox 217 4133 279 4174; x_wconf 73' lang='lat' dir='ltr'><strong>Anu.</strong></span> <span class='ocrx_word' id='word_1_398' title='bbox 300 4125 330 4185; x_wconf 86' lang='grc'><strong>1,</strong></span> <span class='ocrx_word' id='word_1_399' title='bbox 353 4128 394 4175; x_wconf 90' lang='grc'><strong>12.</strong></span> <span class='ocrx_word' id='word_1_400' title='bbox 420 4132 602 4177; x_wconf 82' lang='lat' dir='ltr'><strong>conscientium</strong></span> <span class='ocrx_word' id='word_1_401' title='bbox 617 4133 763 4192; x_wconf 77' lang='lat' dir='ltr'><strong>exagitare.</strong></span> <span class='ocrx_word' id='word_1_402' title='bbox 790 4132 850 4176; x_wconf 86' lang='lat' dir='ltr'><strong>ltem</strong></span> <span class='ocrx_word' id='word_1_403' title='bbox 871 4130 925 4174; x_wconf 87' lang='lat' dir='ltr'><strong>Sill.</strong></span> <span class='ocrx_word' id='word_1_404' title='bbox 945 4129 1045 4177; x_wconf 87' lang='lat' dir='ltr'><strong>Lachm.</strong></span> <span class='ocrx_word' id='word_1_405' title='bbox 1078 4132 1191 4190; x_wconf 83' lang='lat' dir='ltr'><strong>Reliqui,</strong></span> <span class='ocrx_word' id='word_1_406' title='bbox 1209 4131 1234 4176; x_wconf 89' lang='lat' dir='ltr'><strong>in</strong></span> 
     </span>
     <span class='ocr_line' id='line_1_46' title="bbox 113 4190 1235 4259; baseline 0.001 -15"><span class='ocrx_word' id='word_1_407' title='bbox 113 4201 199 4259; x_wconf 86' lang='lat' dir='ltr'><strong>primis</strong></span> <span class='ocrx_word' id='word_1_408' title='bbox 217 4190 315 4244; x_wconf 84' lang='lat' dir='ltr'><strong>Mitsch.</strong></span> <span class='ocrx_word' id='word_1_409' title='bbox 333 4213 357 4244; x_wconf 83' lang='lat' dir='ltr'><strong>r.</strong></span> <span class='ocrx_word' id='word_1_410' title='bbox 373 4195 414 4245; x_wconf 88' lang='grc'><strong>95.</strong></span> <span class='ocrx_word' id='word_1_411' title='bbox 429 4201 529 4258; x_wconf 74' lang='lat' dir='ltr'><strong>iungunt</strong></span> <span class='ocrx_word' id='word_1_412' title='bbox 543 4204 623 4248; x_wconf 84' lang='lat' dir='ltr'><strong>versui</strong></span> <span class='ocrx_word' id='word_1_413' title='bbox 639 4203 807 4259; x_wconf 78' lang='lat' dir='ltr'><strong>praecedenti3</strong></span> <span class='ocrx_word' id='word_1_414' title='bbox 827 4202 869 4245; x_wconf 88' lang='lat' dir='ltr'><strong>sed</strong></span> <span class='ocrx_word' id='word_1_415' title='bbox 883 4200 955 4246; x_wconf 85' lang='lat' dir='ltr'><strong>nimis</strong></span> <span class='ocrx_word' id='word_1_416' title='bbox 971 4199 1093 4247; x_wconf 80' lang='lat' dir='ltr'><strong>difficilem</strong></span> <span class='ocrx_word' id='word_1_417' title='bbox 1107 4202 1179 4247; x_wconf 89' lang='lat' dir='ltr'><strong>habet</strong></span> <span class='ocrx_word' id='word_1_418' title='bbox 1193 4213 1235 4246; x_wconf 81' lang='lat' dir='ltr'><strong>ex·</strong></span> 
     </span>
     <span class='ocr_line' id='line_1_47' title="bbox 112 4267 1234 4334; baseline 0.002 -18"><span class='ocrx_word' id='word_1_419' title='bbox 112 4273 227 4328; x_wconf 84' lang='lat' dir='ltr'><strong>plicatum</strong></span> <span class='ocrx_word' id='word_1_420' title='bbox 239 4271 334 4315; x_wconf 85' lang='lat' dir='ltr'><strong>immite</strong></span> <span class='ocrx_word' id='word_1_421' title='bbox 346 4279 395 4314; x_wconf 79' lang='lat' dir='ltr'><strong>cor</strong></span> <span class='ocrx_word' id='word_1_422' title='bbox 403 4271 535 4328; x_wconf 77' lang='lat' dir='ltr'><strong>Ariadnes,</strong></span> <span class='ocrx_word' id='word_1_423' title='bbox 555 4275 618 4331; x_wconf 78' lang='lat' dir='ltr'><strong>quud</strong></span> <span class='ocrx_word' id='word_1_424' title='bbox 636 4287 693 4320; x_wconf 79' lang='lat' dir='ltr'><strong>mox</strong></span> <span class='ocrx_word' id='word_1_425' title='bbox 708 4272 795 4318; x_wconf 87' lang='lat' dir='ltr'><strong>dieitur</strong></span> <span class='ocrx_word' id='word_1_426' title='bbox 809 4271 946 4334; x_wconf 80' lang='lat' dir='ltr'><strong>languena.</strong></span> <span class='ocrx_word' id='word_1_427' title='bbox 976 4271 1031 4320; x_wconf 79' lang='lat' dir='ltr'><strong>uu.</strong></span> <span class='ocrx_word' id='word_1_428' title='bbox 1046 4277 1125 4318; x_wconf 83' lang='lat' dir='ltr'><strong>tamen</strong></span> <span class='ocrx_word' id='word_1_429' title='bbox 1136 4286 1161 4321; x_wconf 83' lang='lat' dir='ltr'><strong>r.</strong></span> <span class='ocrx_word' id='word_1_430' title='bbox 1174 4267 1234 4318; x_wconf 77' lang='lat'><strong>125.</strong></span> 
     </span>
    </p>
   </div>
   <div class='ocr_carea' id='block_1_3' title="bbox 165 4352 995 4419">
    <p class='ocr_par' dir='ltr' id='par_1_3' title="bbox 165 4352 995 4419">
     <span class='ocr_line' id='line_1_48' title="bbox 165 4352 995 4419; baseline -0.007 -23"><span class='ocrx_word' id='word_1_431' title='bbox 165 4352 256 4409; x_wconf 71' lang='lat' dir='ltr'><strong>Eslogae</strong></span> <span class='ocrx_word' id='word_1_432' title='bbox 271 4354 327 4396; x_wconf 70' lang='lat' dir='ltr'><strong>raet.</strong></span> <span class='ocrx_word' id='word_1_433' title='bbox 342 4353 384 4397; x_wconf 79' lang='lat' dir='ltr'><strong>Lat.</strong></span> <span class='ocrx_word' id='word_1_434' title='bbox 977 4355 995 4419; x_wconf 71' lang='lat'><strong>7</strong></span> 
     </span>
    </p>
   </div>
   <div class='ocr_carea' id='block_1_4' title="bbox 0 0 1409 4762">
    <p class='ocr_par' dir='ltr' id='par_1_4' title="bbox 0 0 1409 4762">
     <span class='ocr_line' id='line_1_49' title="bbox 0 0 1409 4762; baseline 0 0"><span class='ocrx_word' id='word_1_435' title='bbox 0 0 1409 4762; x_wconf 95' lang='lat' dir='ltr'><strong> </strong></span> 
     </span>
    </p>
   </div>
  </div>
 </body>
</html>
