2752 4746
423 844 640 906 ΜΑΤΤΗῙΑΕ
660 843 843 903 GASIMIRI

374 1010 404 1088 S
438 1010 472 1086 Α
505 1010 540 1085 R
571 1010 602 1084 B
637 1011 654 1083 I
688 1009 717 1083 E
751 1009 787 1084 V
821 1009 840 1081 1
876 1009 893 1081 I

395 1192 620 1261 CARMINA
642 1190 873 1259 SELECTA.

507 1500 572 1546 Llll.
592 1500 613 1544 1.
650 1500 715 1547 01)ss
733 1501 766 1545 ll.

362 1619 428 1685 AD
450 1619 705 1685 AURELIUM
726 1617 909 1715 LYCUM.

193 1744 250 1809 Ne
267 1744 349 1827 plns
370 1762 480 1827 capno
502 1742 543 1805 de
565 1742 712 1806 adversa
721 1739 884 1834 fortuna
904 1752 1085 1827 queratur.

247 1863 417 1948 Indignas,
439 1865 551 1945 Lyce,
575 1863 704 1928 naenias

311 1968 356 2031 Et
378 1977 530 2031 maestum
552 1967 671 2052 gemitu
693 1979 806 2052 pectus
828 1977 860 2031 el
880 1964 1013 2050 hispidis

248 2073 406 2136 Frontem
428 2069 566 2134 nubibus
590 2069 726 2152 expedi,

310 2174 417 2254 Quom
439 2173 499 2238 Sol
519 2194 583 2238 non
606 2173 703 2239 solito
725 2171 841 2236 lumine
863 2170 969 2236 riserit

246 2278 291 2342 Et
312 2276 457 2342 Fortuna
480 2274 631 2342 volubilis
1182 2276 1202 2339 5

311 2380 384 2444 Fati
405 2378 563 2445 difficilem
584 2379 696 2445 iecerit
717 2381 830 2445 aleam.

106 2524 109 2529 -
247 2484 346 2565 Quod
368 2494 487 2549 vexant
507 2483 604 2549 hodie
625 2485 729 2561 Noti,

311 2586 396 2652 Cras
416 2587 558 2652 lambent
578 2585 695 2650 hilares
718 2607 841 2668 aequor
865 2584 1010 2650 Etesiae.

246 2690 407 2753 Maestum
431 2688 489 2752 Sol
511 2687 607 2752 hodie
630 2699 742 2771 caput,

312 2789 396 2855 Cras
418 2790 534 2854 laetum
556 2811 655 2855 roseo
676 2801 806 2875 promet
827 2793 867 2853 ab
890 2810 1045 2874 aequore.
1164 2791 1205 2855 10

249 2893 387 2958 Alterno
409 2896 544 2957 redeunt
565 2893 669 2958 chono

313 2997 411 3060 Risus
435 3007 466 3060 et
488 2996 624 3081 gemitus
647 3007 680 3061 ct
701 2995 832 3060 madidis
855 3017 958 3079 prope

249 3097 333 3164 Sicci
355 3120 426 3163 cum
449 3098 586 3162 lacrimis
608 3098 686 3163 ioci.

312 3203 497 3267 Nascuntur
520 3202 629 3266 mediis
652 3202 767 3288 gaudia
789 3200 942 3266 luctibus.

252 3304 306 3368 Sic
328 3305 402 3369 latis
424 3304 594 3389 placitum:
617 3305 684 3370 suis
1166 3306 1205 3368 15

318 3406 526 3492 Tempestiva
546 3408 651 3472 llmrnt
670 3408 738 3474 fata
759 3407 925 3492 periculis.

250 3515 371 3578 Fessos
395 3511 485 3576 duxit
506 3512 575 3575 heri
597 3514 720 3590 boves,

313 3616 379 3681 Dat
401 3615 524 3700 magnis
546 3616 642 3680 hodie
664 3616 733 3680 iuna
756 3613 953 3696 Quiritibus

253 3721 298 3784 Et
319 3741 400 3804 qrtae
421 3722 527 3784 bobus
550 3722 710 3784 ademerat

317 3822 459 3905 Imponit
482 3821 595 3886 Gabiis
617 3835 649 3887 et
671 3821 816 3888 Curibus
838 3821 926 3906 iuga.
1169 3821 1210 3883 20

255 3926 345 3990 Idem
366 3926 581 4019 Phosphorus
603 3924 741 4010 adspicit

312 4030 491 4112 Magnum,
516 4051 610 4116 quem
633 4041 759 4094 tenuem
783 4027 907 4093 viderat
929 4028 1111 4111 Hesperus.

253 4134 350 4213 Quod
372 4132 399 4195 si
420 4131 501 4195 seria
525 4132 655 4196 ludicris

315 4238 481 4299 Fortunae
502 4235 627 4318 placeat
647 4248 778 4314 texero,
802 4234 940 4299 rusticus
