2782 4762
367 690 604 764 ALBII
656 689 1047 766 TIBULLI..

482 887 657 945 ELEGIAE
684 887 909 945 SELECTAE.

485 1177 582 1238 ιιι...
606 1179 634 1240 ι.
672 1175 851 1265 annom
874 1175 911 1258 ι.4
968 1215 971 1221 -

136 1317 272 1381 Divitias
295 1315 372 1378 alius
393 1315 485 1379 fulvo
508 1313 569 1378 sibi
591 1327 746 1398 congerat
769 1336 848 1384 auro
876 1366 878 1370 .

201 1421 244 1480 Et
265 1428 370 1480 teneat
392 1414 470 1478 culti
489 1416 603 1499 iugera
625 1416 721 1478 multa
743 1416 828 1491 soli,
1015 1495 1018 1499 ἵ

138 1520 239 1597 Quem
262 1519 356 1582 labor
378 1518 519 1584 assiduus
543 1515 649 1579 vicino
671 1527 793 1580 terreat
814 1519 926 1603 hoste,
956 1572 961 1601 Ι.

201 1619 322 1682 Martia
345 1619 395 1680 ciri
417 1639 548 1681 somnos
571 1617 702 1679 classica
724 1619 817 1700 pulsa
838 1619 970 1702 sugent:

137 1723 196 1784 Me
218 1743 287 1784 mea
308 1733 478 1803 paupertas
500 1719 583 1782 vitae
605 1722 751 1808 traducat
772 1719 884 1794 inerti,

199 1823 284 1885 Dum
307 1843 394 1885 meus
417 1821 543 1885 assiduo
566 1822 673 1884 luceat
694 1820 767 1904 igne
789 1823 897 1884 iocus.

136 1925 211 2007 Ipse
233 1945 335 1987 seram
358 1935 484 1986 teneras
506 1933 631 1985 maturo
654 1934 798 2003 tempore
821 1922 903 1985 vites
963 1974 966 1983 .

198 2025 350 2089 Rusticus
373 2036 404 2086 ct
424 2023 511 2087 sacili
533 2023 663 2109 grandia
685 2042 780 2105 poma
804 2045 910 2086 manu.

27 2115 30 2118 ’
87 2132 89 2136 '
136 2129 207 2190 Nec
228 2148 302 2208 spes
325 2124 492 2201 destituat,
516 2127 571 2188 sed
593 2125 723 2208 frugum
745 2146 874 2207 semper
896 2145 1031 2228 acervos

199 2229 360 2291 Praebeat
381 2237 413 2290 et
434 2227 529 2308 pleno
552 2225 680 2309 pinguia
705 2238 805 2289 musta
828 2230 913 2290 lacu.

135 2331 216 2393 Nam
241 2349 399 2404 veneror,
424 2349 479 2390 seu
500 2326 599 2409 stipes
621 2329 718 2390 habet
739 2331 914 2392 desertus
905 2352 935 2392 m
959 2329 1045 2414 agris

186 2541 252 2584 Artis
279 2539 375 2584 criticae
399 2540 423 2582 in
442 2536 545 2597 ἸΤιἸιιιΙΙο
573 2539 718 2584 exercendae
743 2542 833 2582 rectam
857 2550 967 2581 normam
985 2530 1137 2586 constituisse
1158 2542 1250 2587 ridetur

89 2645 92 2650 .
133 2611 307 2655 Lachmaunus.
353 2608 440 2652 Totins
457 2608 494 2652 rei
512 2608 582 2661 c'aput
604 2607 649 2650 hoc
667 2611 721 2660 est,
750 2611 776 2650 nt
793 2608 876 2651 sedulo
895 2607 964 2651 uobis
982 2610 1108 2652 caveamus
1126 2609 1156 2654 a'b
1176 2612 1249 2657 iuter·

133 2680 295 2734 potationibus
312 2677 379 2721 italis
398 2677 452 2722 Sec.
478 2675 535 2720 XV.
555 2689 583 2720 ac
600 2676 764 2720 recentiorum
781 2676 926 2720 coniecturis
949 2689 1021 2733 saepe
1039 2691 1054 2721 a
1071 2678 1134 2722 falso
1148 2682 1261 2741 'elegen--

132 2749 220 2792 tiaram
238 2748 316 2792 studio
335 2745 466 2802 proiectis;
494 2745 518 2789 in
537 2745 685 2790 diiudicanda
703 2745 797 2802 reliqua
815 2743 875 2789 cun.
894 2745 973 2789 minus
991 2746 1190 2802 interpolatorum
1209 2764 1249 2793 va-

131 2820 217 2863 rietate
246 2821 271 2870 ut
291 2817 390 2860 nitidam
410 2829 464 2860 eam
490 2805 666 2869 simplicitatem
690 2827 836 2870 sequamur,
867 2827 926 2871 quae
947 2814 1017 2859 huius
1041 2818 1248 2870 potueruntne

55 2868 64 2883 .
132 2887 231 2941 propria
255 2889 300 2930 est.
331 2885 377 2927 Ιιι
405 2884 448 2928 hac
471 2884 543 2941 igitur
566 2884 673 2937 repetita
696 2883 801 2928 aditione
824 2882 1002 2930 Lachmannum
1020 2890 1074 2929 anta
1092 2899 1176 2930 omnes
1195 2902 1249 2931 sum

133 2959 243 3008 secutus,
263 2955 370 3009 inspecta
389 2953 461 2996 etiam
478 2965 591 3010 germana
609 2953 726 3010 Scaligeri
745 2965 802 2997 cura
821 2951 942 3017 (Generas
962 2954 1093 2998 excudebat
1107 2954 1156 2999 iac.
1177 2957 1248 3001 Stoer

134 3020 455 3079 160t.12.)0t1³11mpp1
481 3023 509 3065 de
528 3017 633 3075 Gotbiry
652 3008 763 3066 editione
779 3021 859 3066 Paris.
881 3018 956 3077 1826.
978 3019 1003 3068 8.
1023 3021 1071 3080 (Β.
1084 3029 1121 3068 est
1134 3025 1247 3079 Bachrus

133 3092 163 3136 G.
184 3087 305 3146 Golhe'rqy
326 3091 356 3134 ii.
376 3090 526 3151 Eusebium,
544 3089 574 3136 1..
593 3090 774 3145 Lachmannus,
794 3092 826 3135 V.
846 3090 964 3146 Vossius,
985 3092 1026 3136 W.
1048 3093 1231 3150 Wundertich.)

468 3194 471 3200 '
555 3195 611 3240 Las.
631 3193 651 3239 1.
683 3195 780 3240 ELEG.
800 3193 821 3240 1.

183 3295 258 3337 ΑΜ.
278 3292 377 3337 Valerio
395 3292 516 3346 Messala,
538 3293 579 3350 qni
595 3291 685 3337 Consul
706 3306 730 3337 a.
745 3305 769 3336 n.
791 3287 849 3336 723.
867 3293 969 3339 cumC.
989 3293 1093 3343 Caesare
1114 3293 1247 3340 Octaviano

131 3365 160 3408 ad
185 3375 288 3422 pugnam
312 3362 431 3406 Actiacam
448 3359 659 3416 proficiscebatur,
687 3361 816 3414 inritatus,
847 3364 872 3405 ut
894 3373 975 3406 secum
993 3363 1094 3418 militet,
1123 3364 1146 3407 id
1165 3365 1246 3410 facere

130 3438 240 3486 1¹,ecusat
260 3445 289 3476 ue
308 3445 322 3474 a
339 3430 409 3475 Daiia
427 3444 470 3474 sua
488 3432 593 3475 recedat.
672 3459 676 3464 -

182 3499 208 3550 2.
227 3512 323 3560 magna
339 3499 399 3544 cdd.
415 3500 473 3557 aliq.
486 3500 518 3544 V.
533 3499 577 3553 Β.,
606 3499 692 3556 quibus
714 3498 790 3556 magia
811 3498 931 3553 poeticum
954 3498 1087 3548 videbatur.
1129 3502 1245 3549 Fortasse

130 3585 158 3616 ao
179 3571 233 3625 ipso
260 3569 356 3613 nomine
378 3568 535 3613 reiieiendum
555 3572 616 3613 arat.
661 3567 773 3621 Ceterum
798 3564 907 3611 firmatur
933 3567 1012 3612 multa
1032 3550 1161 3626 Βιιοιιιιὶι
1182 3575 1245 3627 apud

127 3640 241 3684 Vincent.
254 3636 349 3682 Belloi.
363 3636 423 3681 Cdd.
434 3637 492 3693 aiiq.
503 3642 527 3680 et
538 3636 673 3682 imitatione
685 3637 791 3680 Martial.
808 3633 819 3677 1
832 3667 838 3690 ,
860 3633 919 3682 117.
938 3641 964 3681 et
980 3628 1078 3682 nuthet.
1093 3632 1147 3683 Lat.
1158 3639 1243 3689 Burm.

129 3705 159 3760 i,
181 3705 241 3752 225.
277 3703 331 3750 Hoc
349 3717 437 3749 neruus
463 3711 566 3749 caterno
583 3706 698 3750 cinerum
715 3704 827 3749 sacrauit
843 3701 934 3751 Ιιοιιονὶ
948 3703 1058 3750 Faenius
1075 3712 1099 3751 aa
1124 3709 1187 3753 caiti
1205 3710 1245 3754 iu·

128 3788 192 3834 gera
216 3788 301 3832 pauca
327 3775 385 3819 soti.
442 3771 466 3821 i.
492 3775 550 3833 quoi
567 3776 598 3820 V.
619 3794 651 3807 -·
669 3775 780 3819 classice
795 3773 887 3830 putea,
919 3787 978 3832 quaa
997 3776 1094 3836 proprie
1116 3777 1172 3821 tuba
1190 3780 1245 3825 caui

128 3846 224 3898 soient,
253 3845 342 3887 multos
366 3843 515 3888 offenderunt
537 3837 716 3901 (cfr.Noda11.
749 3843 776 3886 ad
802 3842 889 3887 Avian.
912 3855 936 3898 ιι.
963 3839 1016 3896 70.)
1053 3843 1243 3900 inposuistis

126 3917 206 3957 tamen
224 3904 420 3979 ἀκυρολογία,
449 3925 509 3969 quaa
530 3913 593 3956 inter
616 3914 692 3957 iustos
709 3915 794 3967 tropos
814 3911 860 3956 rite
881 3911 969 3957 referri
991 3917 1084 3967 potest,
1112 3915 1244 3969 reprehen-

127 3981 190 4026 sioni
209 3980 312 4024 obnoxia
330 3981 392 4024 haud
410 3985 455 4024 eat.
502 3977 527 4026 5.
547 3980 611 4025 ttttrit
630 3994 714 4025 moror
731 3984 896 4036 paupertatem
910 3994 949 4026 me
967 3982 1063 4025 tradere
1081 3981 1143 4028 vitas
1160 3985 1242 4040 inerti,

126 4050 204 4108 gloria
220 4049 306 4093 heilica
324 4054 349 4094 et
373 4049 458 4104 opibus
476 4050 581 4105 carenti,
607 4050 734 4094 dnmmodo
749 4053 795 4094 cat.
852 4047 876 4093 6.
896 4048 1002 4095 assiduo
1018 4050 1138 4095 vindicant
1156 4051 1243 4096 Gram-

126 4118 206 4163 matici
225 4117 303 4162 Latini
320 4122 378 4165 vett.
398 4141 431 4152 -
449 4119 545 4179 exiguo
562 4118 684 4174 Excerpta
700 4119 772 4164 Vinc.
793 4119 825 4164 V.
840 4118 883 4163 W.
898 4118 929 4164 (t.
966 4119 993 4166 tu
1011 4120 1153 4175 repetitione
1167 4122 1242 4166 offen·

127 4190 183 4233 dere
199 4201 246 4232 non
270 4186 393 4233 debemus.
412 4187 458 4232 cfr.
482 4201 505 4234 ι.
534 4185 560 4235 8.
588 4200 665 4244 poma
690 4200 714 4234 v.
740 4184 784 4235 1³.
811 4200 914 4245 pomum
937 4201 959 4232 a.
988 4184 1019 4232 17
1043 4189 1157 4245 pomona
1183 4195 1240 4235 cett.
