2782 4762
134 369 342 453 Pallioloque
364 388 463 430 senex
486 377 585 430 strato
608 387 643 429 se
664 365 826 448 proximat
848 364 914 441 illi,

196 471 259 536 Cui
281 475 411 534 dederat
433 469 543 532 faciles
567 468 687 532 aurifer
710 467 809 529 amnis
832 488 932 548 opes:

132 576 197 639 Hie
220 595 350 658 quoque
373 573 461 656 plus,
487 573 607 655 iuquit,
632 569 727 654 spatii
751 571 841 644 lero,
865 590 935 630 nam
959 589 1027 632 mea
1049 579 1149 652 porto
1237 570 1258 632 5
1356 636 1358 640 Α

200 677 334 755 Omnia,
359 697 454 759 quum
478 685 577 738 restet
600 674 644 736 nil
667 672 747 750 tibi,
773 671 917 748 Croeso,
943 671 1003 734 tui.

664 813 719 878 93.

134 922 210 985 Non
233 940 297 1003 ego
319 916 444 984 feminei
467 938 573 980 mores
596 915 797 999 Hipparebia
821 936 937 991 sexus,

202 1024 265 1085 Sed
288 1042 374 1084 mare
396 1042 464 1083 sum
486 1020 591 1085 fortes
614 1021 713 1084 eorde
735 1030 843 1081 secuta
866 1038 975 1080 canes.

137 1127 212 1189 Non
235 1123 355 1208 placuit
377 1110 491 1206 pallam
514 1122 736 1204 substringeus
760 1121 875 1194 fibula,
900 1141 965 1182 nou
988 1140 1046 1202 pes

201 1226 356 1300 Vinctus,
382 1237 413 1287 et
436 1223 604 1307 unguentis
628 1225 725 1286 oblite
751 1223 828 1285 vitta
853 1221 940 1285 mibi.

139 1331 204 1392 Sed
226 1329 357 1391 baculus
380 1327 518 1410 nudique
541 1329 657 1408 pedes,
682 1346 827 1409 quaeque
849 1327 982 1387 artubus
1004 1325 1117 1388 haeret
1240 1333 1258 1392 5

201 1430 350 1512 Diplois‚
375 1429 469 1515 inque
492 1429 597 1492 locum
621 1431 699 1490 dura
722 1428 835 1490 cubilis
858 1429 984 1490 brunus.

139 1533 321 1597 Maenaliae
344 1543 463 1594 tantum
486 1530 596 1614 potior
618 1552 686 1594 mea
710 1531 773 1594 vita
799 1530 941 1611 puellae,

204 1637 333 1716 Quanto
359 1635 466 1698 venari
490 1653 583 1716 quam
606 1631 750 1715 sapuisse
774 1631 887 1696 minus.

672 1773 726 1838 911.

141 1879 248 1952 Pera,
271 1897 330 1940 neo
352 1874 533 1952 immerito,
557 1875 739 1952 uuunder,
763 1882 887 1958 parque¹
909 1875 1060 1940 Herculis
1083 1876 1177 1940 armis
1254 1874 1260 1881 ’

207 1981 309 2045 Clara
331 1980 497 2062 Sinopitae
521 1978 658 2041 mascula
683 1977 858 2062 Diogenis,

141 2083 377 2166 Palliolumque
400 2082 542 2164 duplex,
567 2081 727 2165 squallens
751 2100 816 2164 quo
839 2083 935 2145 sorde
957 2082 1115 2167 lutoque,

207 2186 273 2248 Sub
297 2184 400 2247 medid
422 2187 535 2247 brmud
557 2205 621 2247 non
645 2180 733 2246 timet
755 2180 810 2245 illo
833 2182 937 2248 nives.

144 2288 272 2370 Quippe
293 2289 443 2350 humeros
466 2287 574 2350 velare
597 2299 668 2350 tuos
690 2289 805 2370 pudet:
829 2285 882 2348 itte
904 2306 1061 2368 supernus
1242 2288 1261 2350 5

207 2391 349 2470 Quadam
372 2401 463 2472 parte
486 2389 588 2464 canis,
614 2401 648 2453 tu
670 2402 756 2453 satus
779 2388 809 2450 in
833 2388 968 2453 cineres

145 2493 338 2557 Ornamenta
362 2491 420 2554 tibi
444 2512 508 2554 non
531 2489 752 2555 convenientia
775 2512 882 2574 ponet

209 2597 298 2675 Quae
320 2595 391 2672 leo,
417 2615 481 2657 non
504 2580 613 2658 eadem
636 2595 730 2658 debet
752 2595 871 2658 habere
894 2615 1002 2678 caper.

675 2734 729 2800 95.

147 2839 208 2900 Me
230 2836 297 2901 seio
321 2838 504 2915 mortalem,
529 2840 585 2900 aed
607 2857 704 2922 quom
727 2836 890 2901 volventia
915 2837 1006 2901 caelo

209 2938 359 3003 Contuor
379 2941 475 3024 inque
497 2934 570 3004 s'uas
593 2949 679 3003 astra
702 2938 829 3022 relapsa
852 2939 942 3015 vias,

146 3043 220 3107 Non
245 3043 327 3104 ultra
350 3043 483 3125 pedibus
505 3055 604 3128 tango
628 3041 714 3120 sola,
738 3044 794 3105 sed
816 3042 906 3107 lovis
929 3045 1050 3127 hospes
1107 3054 1110 3061 “

211 3146 348 3208 Nectare
371 3145 499 3210 caelesti
521 3166 640 3229 pascor
662 3158 694 3210 et
716 3145 890 3211 ambrosia.
978 3146 980 3150 ⁴
1073 3140 1079 3151 ’

145 3387 220 3469 lpse
242 3408 351 3450 manus
374 3408 512 3470 panaces
535 3410 633 3455 stroeo
657 3389 713 3452 tibi
737 3388 892 3452 maximus
915 3388 1008 3453 unxit

209 3479 422 3575 Phoebigena
447 3503 542 3576 atque
564 3505 651 3556 artes
674 3492 802 3555 tradidit
824 3492 893 3574 ipse
915 3513 1005 3569 suas,

147 3592 359 3676 Praxagora‚
384 3593 517 3677 fixitque
540 3595 663 3659 aolino:
689 3616 770 3678 quos
794 3616 930 3677 namque
953 3595 1085 3660 dolores

211 3693 419 3778 Corporibus
441 3696 542 3760 febris
566 3697 699 3782 gignere
722 3696 819 3781 longa
842 3697 943 3771 solet,

147 3797 191 3860 Et
214 3799 293 3859 bene
317 3820 398 3879 quae
417 3799 510 3862 sectis
532 3803 693 3882 ponantur
714 3797 746 3862 in
771 3802 902 3862 artubus
925 3801 1064 3878 herbae,

211 3899 292 3979 Quis
314 3900 441 3984 liquor,
468 3923 484 3963 a
510 3901 573 3964 miti
597 3906 710 3966 doetus
733 3925 766 3966 es
790 3903 930 3988 Epione.

149 4002 183 4065 si
206 4002 320 4064 medici
343 4004 420 4065 tales
444 4004 533 4066 multi
556 4005 742 4068 mortalibus
767 4017 893 4082 esseut,

212 4105 307 4181 Non,
333 4117 366 4166 ut
389 4128 490 4181 nrrnc,
515 4108 633 4170 umbris
656 4107 717 4172 iret
740 4100 967 4174 obtestantis.

218 4247 260 4295 95.
280 4248 305 4295 2.
325 4245 444 4312 Contuor]
464 4252 549 4308 Quidni
568 4251 704 4311 Suspicio?

601 4375 824 4391 m
