2782 4762
189 175 250 238 286

315 338 412 402 CIII.
445 336 527 399 Sex.
550 332 641 399 arni.
664 333 849 397 aoarnorl.
873 352 1015 396 erasse.
1040 353 1096 397 au.
1119 354 1182 399 vu.

429 446 610 529 (inseriptt.
633 466 731 509 mear.
756 444 863 510 Latin.
885 445 930 508 N.
954 445 1068 525 5835.)

189 560 240 623 'l'e
262 569 348 622 terra
371 559 537 635 obtestor,
562 557 676 646 leviter
698 577 796 639 super
818 576 889 619 ossa
913 555 1060 640 quiescas

251 663 295 725 Et
319 671 448 724 tenerae
470 659 568 723 aetati
590 681 630 724 ne
653 659 761 745 gravis
784 678 853 723 esse
876 658 969 723 velis.

232 822 324 886 CIV.
349 841 443 883 wera
466 840 599 893 uterne.
623 816 804 895 (Morcellii
826 816 917 900 Opp.
940 816 1045 901 epigr.
1068 817 1098 882 Ι.
1120 839 1156 902 p.
1178 819 1270 900 438.)

186 932 247 994 His
269 931 394 996 loribus
417 952 511 996 carae
532 931 687 994 recubant
709 928 784 992 mihi
805 929 956 1012 coniugis
978 949 1052 993 ossa

248 1036 514 1118 Exspectantque
535 1032 602 1097 suis
625 1044 659 1095 ut
681 1053 749 1095 urea
772 1032 985 1097 contribuam.

186 1135 323 1199 'l'ossius
345 1135 403 1199 ista
425 1135 484 1199 tihi
504 1134 654 1216 promisit
674 1155 769 1215 saepe
790 1133 934 1215 petenti:

248 1237 452 1318 Praestabit,
478 1239 595 1301 Manes
617 1236 763 1301 simodo
785 1235 887 1321 tangit
908 1258 1013 1302 amor.

184 1400 261 1465 CV.
304 1398 382 1463 Drs.
416 1420 576 1462 uruurers.
617 1418 775 1461 cnaunra.
805 1419 854 1460 rr.
884 1417 1027 1459 avovsrr
1057 1418 1091 1460 n.
1122 1418 1308 1462 nonarum:

340 1522 462 1565 aunon.
486 1521 601 1564 autur.
635 1498 815 1581 (inscriptt.
838 1499 948 1565 Latin.
972 1501 1016 1564 N.
1038 1500 1149 1579 4852.)
1181 1508 1185 1515 '

183 1613 264 1674 haee
286 1632 350 1695 ego
373 1610 422 1674 his
445 1614 544 1675 denos
568 1614 708 1676 nondum
733 1623 852 1674 matura
875 1633 936 1693 per
957 1633 1058 1675 annos

247 1716 374 1777 condor
396 1715 493 1779 hermo
516 1715 628 1778 rurrltls
650 1726 725 1779 nota
748 1716 907 1778 toreVrna
929 1713 1031 1779 iocls.

184 1818 310 1900 exiguo
333 1818 438 1881 Vltae
460 1816 573 1898 spatlo
596 1816 747 1880 icllclter
769 1826 843 1879 acto

248 1919 355 2004 effugl
378 1919 502 1982 crlrneu
524 1921 625 2003 longa
646 1930 775 1982 senecta
798 1930 898 1982 tuuru.

233 2062 325 2125 CVI.
357 2058 453 2125 Acria·
474 2059 608 2124 Sincerr‘
628 2058 851 2125 Sanuozurir'.
884 2061 927 2125 In
948 2079 1121 2142 gemmam
1142 2081 1256 2124 suam.

639 2164 755 2242 (1.1.
780 2162 846 2241 ts.)

183 2274 294 2348 Haec,
319 2273 395 2336 mihi
417 2294 498 2358 quae
519 2295 635 2338 roseos
658 2273 749 2338 iussit
770 2275 904 2337 sordere
925 2271 1114 2354 hyacinthos

247 2378 290 2439 Et
312 2375 391 2439 nitet
414 2376 555 2439 articulis
577 2375 668 2439 unica
692 2396 815 2459 geturna
839 2374 935 2451 meis,

185 2476 285 2542 Cuius
308 2476 339 2540 in
363 2477 482 2563 exiguo
505 2480 620 2541 ductor
641 2488 704 2543 stat
726 2477 867 2543 Troicus
889 2479 989 2556 orbe,

247 2581 469 2665 Anchisesque
490 2601 590 2644 senex
611 2579 835 2664 Ascaniusque
855 2601 959 2663 puers

183 2683 262 2763 Quis
285 2681 417 2749 credat?
438 2694 566 2747 veteres
587 2681 669 2747 inter
691 2682 837 2764 neglecta
859 2683 966 2747 ruinas

246 2787 291 2849 Et
314 2785 370 2848 vili
393 2783 483 2848 latuit
505 2785 709 2866 semisepulta
732 2764 818 2848 solo.

183 2889 234 2952 Tu
258 2900 362 2950 tamen
385 2889 542 2951 obrueres
564 2907 623 2949 nec
644 2897 694 2962 te,
720 2888 887 2962 Sinuessa,
912 2888 1051 2969 pudebat

245 2992 321 3054 Huc
343 2992 440 3053 dectus
460 2990 541 3056 heul
562 2989 658 3053 terris
680 2990 858 3054 occuluisse
880 2991 953 3058 tuis.

182 3092 313 3155 Scilicet
335 3094 479 3156 Aenearn
501 3102 671 3177 natumque
693 3103 881 3175 patremque
904 3103 1069 3178 gerentem

244 3194 379 3279 Ignibus
400 3205 531 3277 ereptos
553 3195 772 3279 obrueresque
794 3194 896 3259 deos?
1264 3197 1306 3258 to

180 3297 323 3362 Parcere
346 3299 523 3374 debueras,
547 3296 597 3360 cui
618 3295 679 3360 iam
701 3297 754 3380 pia
775 3298 898 3361 llamrna
920 3295 1089 3380 pepercit,

243 3401 315 3463 Nee
337 3410 368 3462 te
390 3410 454 3461 tarn
476 3395 564 3482 turpi
586 3401 781 3464 dedecorare
802 3411 891 3462 nota.

179 3502 225 3566 Et
248 3501 387 3564 dubitem
410 3501 592 3585 Belgasque
612 3502 702 3565 feros
724 3501 912 3586 rigidosque
935 3499 1127 3582 Britannos,

241 3604 316 3667 Hac
339 3602 474 3681 comite,
496 3602 628 3688 ignotos
651 3615 682 3671 et
703 3616 874 3686 penetrare
896 3601 1022 3669 sinus?

178 3704 272 3769 Haec
293 3716 343 3769 est
362 3704 482 3769 Iliacos
503 3704 604 3787 pietas
626 3715 768 3788 spectata
790 3727 850 3788 per
870 3705 981 3791 ignes,
1011 3718 1014 3728 '
1260 3706 1302 3769 15

242 3808 351 3890 Quom
373 3807 477 3872 verita
499 3818 547 3871 est
568 3807 731 3894 profugos
752 3809 879 3872 laedere
900 3810 1026 3872 flamma
1046 3811 1136 3876 deos.

303 3944 415 4015 eurr.
458 3947 638 4014 erassem.
681 3950 724 4014 In
745 3947 939 4030 Quartum.
971 3932 1041 4029 (ι.
1054 3950 1086 4013 t.
1109 3947 1179 4027 es.)
1212 3982 1216 3987 -

178 4058 276 4126 Clara
298 4057 358 4123 tibi
379 4058 493 4126 videor
514 4057 682 4144 scripsisse
703 4057 951 4143 epigrammata,
976 4058 1101 4141 Quinti.

248 4262 301 4308 CV.
337 4261 430 4307 Putavit
449 4274 525 4317 nuper
543 4265 666 4317 repertum
684 4265 721 4306 est
738 4259 863 4318 antiquam
881 4259 927 4305 boe
945 4259 1104 4304 cteostlrhon.
