2782 4762
109 366 263 448 Corpora
285 366 454 447 disponens
478 376 612 429 mentem
638 387 702 430 non
726 365 805 430 vidit
828 366 859 429 in
887 378 972 440 arte;

173 470 275 532 Recta
298 466 392 531 animi
413 467 549 548 primum
574 468 681 530 debuit
703 489 770 531 esse
791 467 855 531 via.

109 573 205 633 Nune
225 569 321 632 maris
342 569 373 631 in
397 580 516 631 tantum
539 580 635 632 vento
653 569 808 634 iactamur
839 581 870 633 et
892 571 1015 632 hostem

175 670 364 751 Quaerimus
389 682 484 753 atque
507 671 603 732 armis
630 670 783 733 nectimus
807 692 894 733 arma
916 691 1015 734 nora.

110 775 207 836 Haud
231 773 310 834 ullas
331 770 479 851 portabis
502 792 581 852 opes
602 771 800 834 Acherontis
827 775 867 834 ad
887 774 1002 834 undas:

174 874 287 936 Nudus
314 874 354 935 ad
371 872 528 947 infernas,
553 873 666 945 stulte,
691 874 811 935 vehere
834 885 933 936 rates.

110 974 229 1038 Victor
251 996 322 1036 cum
341 973 433 1036 victis
455 973 577 1054 pariter
600 972 784 1035 miscebitur
805 973 945 1048 umhris3

172 1075 315 1141 Consule
338 1096 409 1138 eum
430 1073 563 1150 Mario,
588 1086 681 1154 capte
702 1076 880 1158 Iugurtha,
906 1079 1009 1139 sedes.

108 1180 220 1256 Lydus
243 1175 396 1239 Dulichio
422 1197 486 1239 non
509 1177 604 1237 distat
633 1175 777 1240 Croesus
801 1179 840 1238 ab
868 1177 939 1240 lro.

174 1278 303 1360 Optima
325 1298 434 1352 mors,
459 1278 581 1339 Parcae
605 1297 686 1359 quac
710 1276 798 1339 venit
821 1288 890 1338 acta
920 1279 983 1341 die.

108 1382 168 1443 Me
189 1379 327 1443 iuratio
349 1377 451 1460 prima
474 1378 610 1455 coluisse
630 1377 790 1440 Helicona
815 1377 948 1442 iuventa

172 1481 406 1564 Musarumque
427 1479 535 1543 choris
556 1477 748 1559 implicuisse
770 1500 892 1543 manus.

110 1585 169 1646 Me
191 1582 281 1645 iuvat
304 1593 335 1644 et
356 1582 457 1643 multo
479 1591 615 1643 mentem
638 1578 760 1642 vincire
787 1583 902 1660 Lyaeo

173 1686 217 1747 Et
239 1695 337 1764 caput
358 1683 390 1746 in
413 1703 512 1745 verna
533 1702 660 1763 semper
685 1683 805 1743 habere
829 1703 917 1745 rosa.

112 1786 221 1868 Atque
246 1785 301 1846 uhi
325 1784 387 1847 iam
410 1786 573 1847 Venerem
600 1782 711 1866 gravis
737 1782 944 1865 interceperit
967 1797 1070 1861 aetas,

176 1885 340 1970 sparserit
361 1897 394 1951 et
418 1885 527 1969 nigras
550 1886 621 1946 alba
645 1896 774 1948 senecta
802 1906 929 1948 comas:
1043 1878 1047 1883 ’

113 1992 196 2052 Tum
220 1988 295 2050 mihi
317 1999 448 2051 naturae
470 1987 567 2050 libeat
592 1986 776 2068 perdiscere
804 2009 929 2064 mores,

175 2091 255 2171 Quis
279 2092 356 2153 deus
378 2090 460 2152 hanc
482 2089 590 2150 mundi
611 2099 767 2169 temperet
790 2101 858 2152 arte
883 2092 1038 2154 donnum:

112 2193 184 2273 Qua
207 2190 294 2253 venit
316 2190 482 2267 exoriens,
508 2211 570 2272 qua
591 2189 713 2265 deficit,
741 2193 823 2252 unde
846 2190 967 2255 coactis

175 2293 338 2358 Cornibus
361 2293 391 2354 in
414 2292 543 2372 plenum
568 2305 728 2355 menstrua
756 2295 851 2354 Luna
873 2293 978 2356 redit:

111 2398 203 2459 Unde
226 2396 296 2458 salo
319 2404 471 2474 superant
492 2393 599 2467 venti3
624 2392 700 2475 quid
719 2393 848 2457 flamine
864 2405 973 2477 captet

176 2498 302 2572 Eurus,
328 2507 359 2558 et
385 2494 539 2558 in'nuhes
566 2496 648 2557 unde
669 2495 818 2577 perennis
837 2518 938 2580 aqua:

112 2599 160 2662 Sit
184 2611 318 2662 ventura
339 2598 423 2673 dies,
449 2596 555 2659 mundi
576 2617 657 2679 quae
680 2598 813 2660 subruat
836 2619 946 2661 arces:

176 2702 364 2782 Purpureus
385 2697 510 2779 pluvias
534 2719 592 2761 cnr
614 2698 694 2760 bibit
720 2719 812 2761 arctis
833 2720 948 2782 aquas:

112 2802 188 2864 Aut.
203 2822 261 2864 cur
280 2800 460 2864 Perrhaebi
480 2812 639 2862 tremuere
663 2799 825 2863 cacumina
852 2786 963 2876 Pindi,

111 3020 222 3077 „Pacem
242 3033 297 3065 neno
316 3020 371 3076 (nec
391 3022 452 3073 ulla,
472 3035 547 3079 quom
564 3035 621 3065 enm
640 3020 742 3065 domino
756 3022 856 3077 proelio
874 3021 957 3077 ποθὴ)
975 3021 1021 3065 illc
1030 3018 1153 3080 profecto,
1169 3034 1230 3078 pro-

109 3095 168 3148 pter
187 3102 250 3148 pune
265 3091 371 3134 miiitiae
389 3102 416 3133 ee
438 3090 499 3135 dare
518 3091 600 3134 solent
616 3090 678 3143 elii,
698 3103 807 3144 curum,
832 3103 966 3150 getninae,
992 3087 1144 3149 latifundia,
1171 3104 1233 3135 cera

113 3172 190 3216 nepus
209 3159 282 3215 cupio
311 3172 389 3216 neque
401 3157 520 3216 possideo
534 3191 540 3213 ,
573 3164 702 3202 contentus
721 3158 894 3203 mediocritate
915 3160 998 3203 men.'’
1034 3159 1132 3204 bachin.
1152 3163 1232 3203 nutem

112 3242 136 3272 v.
161 3223 185 3270 3.
221 3226 274 3272 Nec
298 3232 393 3271 tantum
413 3254 421 3264 ·
441 3231 519 3280 (nee,
549 3229 611 3284 quod
639 3228 718 3284 utique
743 3229 802 3273 terri
822 3233 915 3282 potest,
946 3228 1125 3272 hebentCodel.
1148 3241 1231 3272 omnes

113 3296 355 3354 praeterGroning.)
379 3311 402 3340 v.
424 3294 447 3340 l.
468 3295 535 3339 bibat
560 3296 584 3342 5.
601 3301 698 3339 cretur.
755 3295 795 3340 ll.
816 3298 851 3344 lte
864 3297 919 3341 libri
939 3297 1027 3340 sinceri
1041 3302 1065 3340 et
1085 3297 1184 3343 Lachtn.
1199 3321 1232 3335 -

113 3366 168 3408 ltali
187 3364 294 3423 (vulgo):
315 3365 345 3407 ab
358 3361 546 3423 inser-naret&
560 3389 592 3399 -·
611 3369 638 3407 dt
658 3361 760 3424 inferna
779 3390 794 3403 ν
808 3373 861 3411 rate
881 3366 1009 3409 Schrader.
1030 3365 1076 3408 Sed
1096 3364 1121 3417 4,
1143 3364 1166 3420 l,
1188 3363 1234 3413 56.

15 3485 19 3489 ,
114 3437 172 3479 duas
182 3439 247 3478 rates
260 3435 367 3478 infernas
379 3440 511 3487 incinerat,
532 3437 705 3482 sceleratorum
719 3438 818 3479 atteram
829 3467 836 3488 ,
857 3437 959 3478 alteram
976 3435 1081 3488 piorum.
1109 3429 1151 3478 15.
1172 3434 1233 3477 mie-

113 3503 210 3547 rebitur
228 3502 324 3547 umbrie
337 3517 390 3546 curn
409 3503 470 3547 cdd.
487 3504 550 3548 Seal.
570 3504 619 3547 lec.
639 3503 685 3548 Lt.
706 3528 739 3538 -
757 3503 921 3548 miscebimus·
940 3501 1014 3546 undis
1034 3501 1078 3544 Cd.
1101 3501 1232 3558 Groning„

114 3573 176 3616 unde
194 3573 223 3616 de
249 3572 371 3616 Gulielrnii
391 3573 454 3615 coni.
479 3572 596 3616 invaluit:
625 3573 789 3617 miecedimur
807 3572 888 3620 Indis.
945 3569 986 3616 18.
1006 3568 1114 3628 Pareae]
1132 3570 1231 3614 Lachrn.

112 3642 225 3686 coni.-··
242 3641 319 3684 Godd.
329 3654 422 3697 parco,
443 3642 505 3696 quod
519 3642 612 3685 librarii
626 3644 735 3686 videntur
750 3643 891 3696 opposuisse
904 3641 990 3685 Croesi
1003 3639 1102 3686 divitiis.
1125 3659 1154 3670 -
1175 3643 1234 3682 ncta

115 3710 192 3754 Codd.
218 3711 275 3767 eliq.
302 3709 369 3763 Atii,
399 3707 494 3767 (vulgo)
519 3716 586 3766 apta.
615 3713 706 3769 (percu
730 3710 803 3764 dice,
835 3712 902 3766 quasi
921 3711 985 3754 dicas
1007 3704 1086 3775 κῆρα
1103 3702 1233 3775 ἡμέραν,

115 3780 135 3823 ⁵5
157 3779 281 3836 Sssstligm
297 3777 355 3822 fid0³
375 3783 428 3830 0⁵1,
448 3773 468 3840 ἡ
488 3779 662 3846 πεπρωμένη
681 3773 806 3846 ἡμέρα.)
851 3777 892 3824 19.
913 3777 955 3823 21.
975 3779 1040 3821 iuret
1058 3776 1134 3820 Codd.
1154 3777 1233 3831 pauci.

115 3849 203 3898 Guret.
222 3847 252 3892 L.
308 3845 350 3893 27.
379 3845 508 3890 Exoriene
534 3850 561 3892 de
590 3851 641 3893 sole
667 3849 775 3892 nonnulli
796 3847 914 3901 accipiunt
935 3850 1093 3901 provocantes
1114 3847 1142 3888 ed
1163 3844 1232 3907 Eleg.

114 3919 138 3961 in
158 3916 218 3960 obit.
239 3918 350 3962 Maecen.
371 3913 413 3962 56.
432 3912 481 3960 Hie
499 3917 549 3959 tela
566 3916 594 3960 in
608 3913 735 3977 profugos
764 3940 796 3949 -
820 3913 895 3960 Misit
912 3915 947 3960 nd
970 3920 1098 3958 extremos
1116 3915 1234 3957 exorien-

114 3987 148 4031 tis
167 3999 252 4044 epiros.
273 3985 347 4043 (Aen.
368 3985 397 4038 5,
431 3981 489 4029 739.
510 3986 565 4029 Vnt.
585 3987 666 4031 Flacc.
688 3983 721 4039 3,
752 3982 812 4028 411.
832 3999 878 4029 non
898 3983 1043 4035 Exoriene,
1075 3984 1116 4027 ssd
1140 3980 1234 4026 Oriene

115 4055 203 4098 dicitur
221 4056 282 4106 sol.)
319 4054 365 4097 Sed
387 4054 438 4097 ride
457 4068 486 4096 ne
500 4054 553 4097 huic
568 4055 760 4110 interpretationi
781 4054 860 4098 obstet
873 4067 895 4097 v.
917 4050 959 4097 34.
1014 4049 1057 4096 31.
1077 4050 1116 4096 Sit
1133 4057 1237 4096 orntum

116 4124 209 4168 eGdd.
237 4125 286 4168 lac.
316 4120 362 4167 bt.
391 4136 436 4176 pro
455 4121 484 4165 st
504 4128 567 4167 sent.
618 4124 734 4168 Similiter
755 4137 778 4166 v.
799 4121 840 4169 39.
861 4123 912 4166 eint
931 4121 990 4165 iuro
1007 4121 1080 4165 iidem
1101 4133 1146 4175 pro
1167 4121 1192 4163 ei
1216 4118 1235 4162 i.

117 4189 159 4236 33.
187 4191 335 4244 Perrhaebi,
367 4191 449 4246 populi
477 4192 631 4248 Thessaliae,
663 4193 819 4248 Lapitharum
843 4192 949 4246 potentie
978 4190 1049 4235 fructi
1076 4189 1188 4249 fugeruut
1212 4189 1237 4235 in

115 4261 224 4312 Aetoliae
245 4265 374 4316 montena,
395 4261 472 4306 Pindo
488 4262 607 4316 proxime.
628 4263 657 4307 u.
677 4259 712 4323 β,
735 4258 793 4307 759.
