2782 4762
163 259 170 269 ,
188 180 250 246 soe

186 347 205 384 ⁸*
229 338 374 406 Candida
398 357 559 420 purpurea
582 337 691 415 Tyros
710 329 884 396 intinxerat
906 353 981 407 ora,

186 443 235 509 Aa
254 463 352 508 roseo
379 440 490 503 niveae
512 437 693 504 residebant
715 435 837 500 vertice
860 434 974 510 vittae,

189 547 430 630 Aeternumque
454 565 562 604 manus
584 544 758 624 carpebant
775 538 838 603 rite
860 540 1019 602 laborem.

189 651 301 712 Laeva
324 648 431 712 colum
452 645 542 710 molli
564 646 634 706 lana
655 643 814 706 retinebat
833 642 998 719 amictum,

99 801 101 805 <
186 753 331 817 Dextera
354 762 421 813 tum
446 749 561 812 leviter
584 750 741 811 deducens
760 747 814 809 fila
836 746 957 829 supinis

188 857 366 920 Formabat
389 851 517 936 digitis:
543 862 607 912 tum
630 870 738 931 prono
759 848 792 912 in
814 849 934 932 pollice
956 860 1112 934 torquens

122 959 124 964 ’
188 957 360 1021 Libratunr
382 954 475 1018 tereti
498 957 647 1017 versabat
669 951 798 1015 turbine
819 953 944 1016 fusum:

187 1062 297 1146 Atque
318 1059 362 1121 ita
380 1061 554 1140 decerpens
574 1057 729 1140 aequabat
747 1077 872 1137 semper
896 1078 977 1138 opus
999 1059 1092 1133 dens,

188 1165 362 1247 Laneaque
384 1160 516 1224 aridulis
539 1161 714 1222 haerebant
735 1179 844 1220 morsa
863 1158 1003 1236 labellis,

190 1266 279 1346 Quae
301 1264 392 1347 prius
409 1263 442 1327 in
462 1262 526 1327 leni
542 1263 668 1324 fueraut
690 1260 847 1324 exstantia
859 1261 941 1324 filo.

189 1370 275 1432 Ante
295 1371 393 1450 pedes
416 1378 519 1429 autem
543 1363 707 1428 candentis
727 1363 838 1427 mollia
859 1364 950 1428 lanae

187 1471 322 1534 Vellera
346 1469 465 1553 virgati
488 1468 691 1532 custodibant
714 1467 893 1531 calathisci.

189 1577 260 1638 Hae
284 1585 351 1635 tum
374 1571 534 1636 clarisona
556 1571 709 1653 pellentes
733 1571 852 1634 vellera
876 1593 975 1648 voce,

194 1675 287 1741 Talia
311 1676 421 1738 divino
444 1675 596 1737 fuderunt
616 1672 756 1736 carmine
779 1675 861 1751 fata,

190 1779 361 1854 Carmine,
385 1777 539 1862 perfidiae
562 1780 651 1862 quod
671 1787 747 1857 post
769 1777 855 1839 nulla
877 1789 991 1863 arguet
1012 1791 1110 1843 aetas.

255 1885 312 1958 „0
336 1887 431 1945 decus
450 1879 600 1944 eximium
624 1877 747 1962 magnis
767 1880 938 1944 virtutibus
961 1904 1098 1966 augens,

189 1985 357 2051 Emathiae
376 1996 514 2047 tutamen
538 1982 626 2064 opis,
651 1981 826 2045 clarissime
849 1995 946 2048 nato:

190 2091 332 2170 Accipe,
357 2090 446 2172 quod
471 2087 552 2149 laeta
574 2084 633 2147 tibi
651 2087 793 2166 pandunt
815 2086 884 2149 luce
903 2110 1035 2151 sorores

189 2190 379 2256 Veridicum
403 2189 564 2262 oraclum3
588 2189 644 2249 sed
666 2207 745 2262 vos,
770 2210 850 2272 quae
869 2190 933 2251 fata
953 2203 1145 2276 sequuntur,

189 2292 321 2361 Currite
345 2296 494 2355 ducentes
517 2288 710 2363 subtemina,
735 2290 871 2368 currite,
894 2293 970 2356 fusi.

188 2428 192 2432 ·
254 2393 416 2460 Adveniet
438 2392 499 2457 tibi
516 2392 579 2455 iam
600 2403 734 2476 portans
752 2405 866 2477 optata
885 2396 1006 2460 maritis
1249 2401 1311 2464 330

191 2678 257 2721 Mur.
272 2675 324 2721 Ast.
340 2676 393 2720 Sill.
410 2674 509 2719 Lachrn.
535 2674 651 2720 Neutrum
666 2688 723 2718 vero
743 2680 780 2720 sat
794 2675 970 2731 probabilitatis
986 2677 1065 2721 habet.
1105 2675 1163 2723 310.
1181 2693 1311 2737 purpurea

191 2753 247 2792 taos
266 2746 408 2790 intinxerat
427 2764 459 2783 «ι-
474 2759 503 2801 p.
524 2744 610 2805 Tyros
629 2746 769 2789 intinxerat
788 2771 820 2780 -
835 2761 863 2803 p.
880 2746 976 2805 Tyrios
995 2748 1154 2792 extinxerat.
1177 2749 1252 2793 Codd.
1269 2764 1308 2805 ap.

191 2818 254 2863 sut.
272 2821 296 2860 et
311 2818 374 2861 Scal.
394 2816 454 2860 Hinc
466 2817 533 2859 varia
547 2817 662 2872 expiscati
684 2820 739 2859 sunt
751 2817 811 2860 Edd.
825 2817 890 2859 nullo
909 2816 984 2861 adbuc
1003 2832 1124 2863 successu.
1145 2817 1180 2877 (r.
1195 2834 1215 2864 c.
1234 2821 1308 2864 Voss.

191 2888 244 2932 Ast.
265 2883 291 2930 C.
309 2901 336 2944 p.
357 2900 431 2945 qaam
445 2885 516 2944 Tyro
535 2886 682 2929 incinxerat
694 2899 748 2929 ora.
769 2885 840 2944 Tyro
854 2888 974 2932 Salmonei
989 2886 1038 2931 lilia
1054 2890 1148 2933 texendi
1162 2890 1310 2944 peritissima

192 2957 282 3011 odyss.
295 2954 324 3010 2,
342 2953 399 3000 tto.
420 2954 528 2999 candida
547 2957 634 2999 dicitnr
649 2958 720 3001 etiam
736 2957 865 3011 Propertio
879 2954 908 3010 2,
924 2956 971 3011 28,
987 2957 1023 3012 5.)
1043 2960 1179 3003 Sententiae
1194 2965 1311 3014 repugnat

192 3027 293 3072 Guarini
309 3039 401 3082 quoque
420 3027 482 3069 coni.
504 3040 516 3068 a
536 3025 607 3084 (ἑῆος.
622 3032 732 3081 recepta:
753 3041 860 3085 querens
873 3042 895 3071 c.
906 3041 934 3083 ρ.
949 3029 1012 3071 talos
1025 3028 1173 3073 incinxerat
1186 3043 1229 3082 o.;
1242 3031 1309 3073 fron-

192 3100 234 3141 des
254 3097 317 3140 enirn
336 3109 458 3152 quernae,
484 3096 503 3138 si
524 3097 635 3139 candidae
654 3102 723 3150 snut,
749 3111 868 3152 purpureo
888 3098 962 3140 lirubo
981 3099 1043 3140 talos
1063 3099 1154 3144 ambire
1174 3101 1309 3156 neutiquam

192 3170 301 3223 possunt.
333 3167 379 3208 Sed
398 3166 473 3208 satius
492 3168 570 3209 estin
590 3166 675 3209 talibus
695 3179 737 3209 eos
756 3167 859 3220 imitari,
892 3169 930 3225 qui
951 3181 1018 3226 signa
1038 3173 1121 3212 trunca
1140 3172 1307 3227 arrtiquorum,

192 3237 331 3291 tabulasque
351 3249 425 3289 paene
439 3237 549 3278 evanidas
562 3233 665 3279 fideliter
685 3250 745 3280 nunc
763 3238 877 3281 exhibere
886 3269 892 3291 ,
916 3252 985 3294 quarn
1000 3252 1043 3292 pro
1057 3239 1130 3283 lubitu
1144 3241 1309 3298 redintegrare

192 3307 293 3362 fucoque
313 3305 407 3348 illinere
425 3307 524 3348 malunt.
557 3305 721 3349 Lacbrnannus
740 3307 789 3351 sic:
813 3304 861 3350 Hie
880 3297 971 3364 eorpus
989 3309 1122 3352 tremulam
1141 3312 1308 3367 complectens

192 3375 301 3434 undique
319 3376 395 3418 vestie
414 3372 527 3418 Candida
537 3389 666 3432 purpurea
679 3376 743 3419 talos
755 3376 904 3421 incinxerat
915 3391 970 3421 ora.
1010 3375 1069 3422 3ll.
1089 3378 1222 3424 Ambrosio
1235 3383 1308 3435 Vulp.

193 3447 256 3491 coni.
276 3447 307 3488 nt
321 3458 410 3488 roseus
429 3451 515 3488 vertex
536 3446 593 3489 nibil
612 3447 675 3490 aliud
693 3446 717 3489 h.
730 3447 748 3489 l.
764 3447 874 3501 denotat,
895 3449 940 3490 nisi
958 3448 1063 3492 divrnum
1076 3450 1242 3504 splendorem,
1264 3464 1311 3507 quo

192 3518 324 3562 Parcarum
344 3515 420 3570 capita
439 3515 577 3573 fulgebant3
605 3513 730 3572 firmatque
750 3516 826 3560 Codd.
847 3518 975 3561 lectionem
994 3519 1134 3572 manifesta,
1154 3523 1198 3563 etsi
1219 3522 1265 3563 alia
1285 3522 1309 3563 in

192 3602 234 3641 re,
255 3586 355 3630 imitatio
371 3587 438 3643 Virg.
452 3586 516 3629 Ciris
529 3582 586 3629 122.
606 3585 637 3630 Ac
656 3599 745 3629 roseae
763 3585 844 3630 rreedio
849 3583 971 3646 fulgebat
982 3591 1072 3632 vertice
1085 3589 1174 3632 erine'e.
1196 3589 1309 3633 Ceterum

193 3659 221 3701 de
244 3656 363 3714 frequenti
388 3655 527 3699 confusione
552 3656 647 3700 adiectt.
673 3669 762 3699 roseus
787 3661 810 3700 et
834 3657 977 3701 ambrosiae
1001 3673 1023 3702 r.
1044 3657 1152 3702 Oudend.
1173 3660 1201 3701 ad
1220 3659 1307 3714 Appul.

188 3741 217 3782 p.
233 3723 297 3780 318,
313 3723 378 3780 361,
393 3722 453 3770 719.
473 3748 506 3758 -
524 3724 624 3769 Annaeo
641 3726 699 3769 Ern.
714 3727 819 3770 Schulzii
833 3728 896 3770 coni.
910 3729 1135 3772 memoratLachm.
1174 3725 1232 3772 313.
1245 3730 1309 3772 arni-

193 3803 259 3840 etam
276 3799 342 3840 Mur.
364 3796 409 3839 cfr.
426 3792 583 3850 Properat,
603 3792 630 3849 l,
647 3794 687 3842 72.
711 3795 892 3840 dextro-colo
910 3794 940 3851 lt,
962 3795 992 3847 9,
1013 3795 1055 3844 19.
1081 3797 1252 3858 Lydo-colu.
1273 3800 1309 3842 Ab

194 3867 283 3910 incerta
302 3867 441 3910 auctoritate
461 3878 484 3910 v.
501 3867 572 3908 colar
586 3879 661 3923 genus
679 3867 839 3909 masculinnm
857 3868 951 3921 pendet.
971 3879 994 3910 v.
1008 3869 1114 3912 Forcell.
1126 3869 1256 3914 Schneider·
1269 3872 1309 3916 tat.

194 3935 239 3978 Gr.
253 3937 284 3979 Τ.
297 3935 321 3979 2.
336 3950 358 3990 p.
374 3933 415 3979 23,
454 3930 512 3980 315.
532 3936 857 3990 cartice,.i.everticulo.
877 3938 950 3981 Voss.
990 3934 1049 3981 318.
1069 3938 1171 3992 leni,i.
1192 3954 1214 3983 e.
1235 3942 1308 3983 lento.

194 4006 249 4048 Ald.
263 4004 284 4052 1.
301 4007 374 4048 Voss.
389 4004 462 4050 Web.
482 4028 515 4038 —
533 4005 582 4048 levi
593 4007 647 4052 ΑΙ6,
659 4003 683 4048 2.
698 4007 762 4050 Soal.
774 4007 849 4049 Doer.
862 4006 933 4066 Ging.
946 4007 1044 4052 Lachm.
1065 4009 1112 4051 Sed
1128 4011 1247 4065 quomodo
1259 4010 1310 4053 ldae

193 4073 273 4127 filum,
295 4076 315 4118 si
330 4075 432 4128 primum
444 4075 538 4119 morsis
550 4077 604 4119 lana
617 4080 712 4121 exstans
727 4077 830 4120 tollenda
843 4076 913 4121 erat?
956 4076 1014 4123 322.
1032 4081 1232 4134 pectenterstat.
1246 4081 1309 4126 roni.

191 4144 314 4202 polientes
326 4144 407 4188 Heius.
428 4144 561 4189 Obscurius
574 4148 602 4190 de
618 4146 643 4190 h.
661 4148 677 4190 Ι.
695 4147 744 4204 egit
756 4147 861 4190 Huschk.
875 4149 904 4191 ad
918 4148 974 4192 Tib.
990 4145 1020 4200 2,
1036 4145 1066 4202 1,
1082 4145 1123 4192 66.
1144 4173 1177 4183 -
1195 4150 1311 4193 vellentes

194 4217 283 4268 Herse.
339 4209 398 4258 323.
418 4212 498 4258 diuiso
514 4230 526 4260 e
544 4216 620 4260 Codd.
639 4218 713 4261 Voss.
737 4269 741 4273 y
768 4213 827 4262 325.
852 4222 877 4261 et
894 4219 997 4278 magnis
1013 4218 1067 4262 illd.
1086 4216 1111 4262 2.
1132 4219 1208 4263 Codd.
1230 4220 1309 4266 Statii.

196 4283 255 4331 326.
274 4281 407 4331 Emathiae
424 4285 537 4330 columen
555 4285 630 4332 Pelea
647 4283 740 4332 11162.
754 4300 783 4332 ex
798 4300 822 4334 r.
837 4284 880 4337 26.
899 4285 1034 4335 Emathiae
1051 4302 1137 4335 nornen
1149 4304 1163 4334 a
1176 4290 1254 4345 postte
1267 4303 1311 4346 pro
