2782 4762
1202 193 1264 257 283

254 346 401 414 XCVII.
439 344 628 424 Eiusdem,
650 367 698 411 ea
719 348 854 414 arnseo
873 348 1042 415 Platonis.
1066 350 1151 430 (55.)

139 474 220 542 Lais
243 497 321 542 anus
346 477 474 542 Veneni
493 479 656 562 speculum
679 476 770 543 dieo:
792 477 922 564 dignum
946 478 1063 544 habeat
1084 500 1120 543 se

202 580 345 644 Aeternn
367 592 527 644 aeternum
549 581 655 646 forma
682 579 900 648 ministerium.

137 683 186 748 At
208 682 282 746 mihi
303 683 409 746 nulius
429 682 462 747 in
484 682 552 747 hoo
576 703 675 746 usust
696 682 770 768 quia
792 704 924 748 cernere
947 685 1062 764 talem,

203 785 315 866 Qualis
336 781 423 863 sum,
447 784 542 862 nolo;
566 783 669 870 qualis
696 806 801 866 eram,
824 784 964 873 nequeo.

222 944 388 1010 XCVIII.
417 942 602 1019 Eiusdem,
626 965 674 1007 ex
695 944 830 1008 Graeco
852 943 1045 1030 Antipatri.
1070 949 1176 1026 (106.)

138 1057 305 1122 Emessam
330 1053 437 1138 pelagi
459 1075 562 1136 nuper
584 1054 774 1140 genitalibus
795 1056 887 1121 undis
1016 1101 1019 1104 -

202 1156 329 1240 Cyprio
351 1155 481 1239 Apellei
502 1176 598 1220 cerne
620 1155 743 1221 laboris
766 1178 866 1241 opus;

137 1260 183 1325 Ut
205 1260 376 1342 complexa
398 1281 490 1322 manu
513 1259 656 1324 madidos
678 1260 751 1325 salis
770 1281 917 1347 aequore
940 1259 1044 1324 crines

201 1360 384 1426 Hmuidulis
405 1383 533 1445 spumas
559 1361 688 1448 stringit
708 1375 846 1450 utraque
862 1353 984 1433 ’onmia
1049 1442 1051 1447 Ι

137 1464 203 1528 Ιειιη
228 1463 285 1526 tibi
307 1485 385 1539 nos,
413 1463 533 1546 Cypri,
557 1463 765 1549 luaoinquit
787 1476 819 1528 et
840 1465 958 1553 innuba
980 1467 1111 1544 Pallas,
1242 1468 1261 1531 5

201 1567 353 1632 Cedinuss
375 1577 408 1631 et
431 1569 557 1633 somnae
581 1566 722 1650 praemia
751 1559 934 1633 deserimus.
1016 1648 1018 1653 Α
1117 1648 1119 1652 Ι

137 1728 266 1792 XCIX.
285 1724 464 1791 Eiusdem.
479 1726 523 1792 In
542 1687 676 1789 tumulo
689 1724 839 1791 hominis
845 1725 989 1819 felicis.
1010 1726 1177 1812 (Epitaph.
1192 1731 1262 1811 35.)

133 1840 263 1922 Sparge
286 1859 377 1901 mero
399 1835 543 1913 eineres,
569 1836 786 1901 beneolentis
812 1849 845 1902 et
866 1838 1006 1922 unguine
1027 1841 1138 1919 nardi,

199 1941 350 2022 Hospes,
374 1951 406 2002 et
429 1942 509 2003 adde
531 1939 614 2002 rosis
638 1939 776 2002 balsama
798 1939 952 2022 puniceis.

134 2042 334 2123 Perpetuam
356 2041 431 2105 mihi
453 2063 517 2105 veo
536 2041 602 2126 agit
627 2040 853 2106 illacrimabilis
875 2064 974 2123 urna,

198 2145 242 2207 Et
265 2144 457 2209 commutavi
480 2146 603 2221 secula,
628 2166 693 2208 non
715 2143 794 2209 obii.

134 2246 232 2309 Nulla
256 2244 331 2310 mihi
358 2246 479 2311 vetetis
505 2246 670 2329 pes-ierunt
693 2247 806 2332 gaudia
832 2243 933 2315 vitae:
1240 2255 1259 2317 5

198 2351 264 2414 Seu
291 2351 468 2415 meminisse
490 2359 583 2435 putes
608 2352 714 2416 omnia
737 2349 805 2415 site
832 2351 921 2415 nihil.

166 2491 204 2553 0.
227 2490 406 2555 Eiusdem.
430 2493 656 2574 Sepulchrum
677 2490 762 2559 cart
782 2501 940 2556 anensem.
962 2492 1132 2577 (Epitaph.
1156 2495 1227 2573 tt.)

133 2602 195 2667 Me
216 2601 276 2665 sibi
302 2613 334 2666 et
354 2602 453 2667 uxori
478 2614 510 2666 et
529 2603 609 2667 natis
631 2625 801 2669 eomnmne
823 2606 1047 2687 sepulchrum-

198 2703 377 2769 Constituit
396 2727 484 2769 senas
505 2704 611 2771 Cannis
634 2708 673 2768 ad
690 2705 876 2793 exsequias.

133 2807 267 2891 Iamque
289 2807 343 2870 tiu
362 2819 564 2871 monttmenta
589 2819 721 2884 vacant,
744 2806 932 2892 sitqueiista
956 2809 1089 2894 quemla

194 2909 349 2992 Longior
372 2922 404 2974 et
423 2908 531 2973 veniat
553 2909 665 2975 ordine
690 2909 825 2995 quisque
844 2931 922 2988 atto,

131 3012 291 3076 Nascendi
313 3012 370 3096 qui
391 3013 463 3097 iege
487 3015 598 3098 datus:
621 3012 844 3101 placidumque
868 3035 930 3096 per
952 3033 1066 3078 aevum
1237 3019 1255 3080 5

198 3112 367 3179 condatur
388 3126 465 3179 natu
486 3115 540 3199 qui
561 3114 679 3198 prior,
702 3113 755 3178 itte
775 3115 881 3197 prior.
1146 3117 1151 3124 ’

131 3256 187 3319 01.
218 3255 423 3339 Augustini.
453 3257 602 3320 Mensae
622 3253 840 3338 inscriptam.
864 3256 1015 3336 (Anthol.
1041 3259 1144 3323 Ι..·3.
1169 3259 1256 3340 tut.)

134 3364 287 3448 Quisquis
308 3379 390 3430 amat
413 3366 506 3431 dietis
533 3368 697 3430 absentum
719 3367 836 3430 rodere
861 3367 978 3447 vitam,

195 3469 289 3533 Hane
311 3488 452 3563 mensam·
471 3470 600 3533 vetitam
623 3468 750 3533 noverit
772 3490 842 3534 esse
864 3469 936 3533 sibi.
1019 3518 1024 3529 .

216 3610 298 3676 011.
338 3608 447 3677 Vettii
466 3607 601 3693 Agorii·
617 3620 650 3672 et
672 3609 851 3674 Paulinae.
889 3611 1049 3690 (Gnaseus
1076 3614 1176 3678 Mus.

505 3711 652 3795 Capitol.
676 3712 706 3778 Ι.
729 3733 764 3793 p.
790 3713 879 3792 108.)

525 3834 559 3898 A
580 3831 708 3897 dextro
728 3835 856 3897 lateres

215 3945 260 4009 D.
291 3943 344 4010 M.
372 3942 516 4010 Vettius.
544 3945 703 4030 Agorius.
728 3924 965 4010 Praetextatus.
988 3947 1116 4035 Augur.
1139 3949 1255 4015 Ponti·

129 4045 197 4109 fex.
223 4049 357 4110 Vestae.
387 4048 555 4112 Pontifex.
580 4048 678 4112 Solis.
703 4047 965 4128 Quindecemvir.
989 4048 1141 4116 Ctsrinlis.
1165 4056 1254 4117 Her·

129 4148 219 4216 culis.
247 4150 409 4215 Sacratus.
439 4149 578 4215 Libero.
612 4153 669 4217 Et.
701 4149 877 4216 Eleusinis.
901 4152 1138 4235 Hierophanta.
1162 4157 1253 4221 Neo-

129 4270 239 4317 conus.
257 4253 880 4323 'raurobotiuusPater.Panum.1n.
897 4255 962 4323 Re.
979 4256 1125 4323 Publica.
1145 4259 1252 4323 Vero.
1340 4253 1351 4277 ⁹
