2782 4762
1208 173 1250 238 73

129 340 294 409 Hostibus
314 340 489 407 intulerant
508 340 615 426 ignem
638 337 822 404 formidinis
844 359 945 422 ergo;
1173 333 1255 398 tato

132 446 214 511 Sive
237 448 327 532 quod
351 443 491 510 inductei
510 454 618 508 terrae
637 442 781 507 bonitate
801 441 956 505 volebant

132 551 284 615 Pandere
303 568 404 633 agros
425 546 572 634 pingueis
592 557 624 611 et
646 566 765 628 pascua
781 546 917 608 reddere
939 564 1018 608 rura

134 650 214 717 Sive
236 651 322 716 feras
343 650 527 715 interlicere
550 662 582 714 et
599 648 758 713 ditescere
776 651 917 731 praeda:

133 757 220 819 Nam
239 753 338 818 fovea
360 764 455 838 atque
476 753 545 837 igni
566 752 657 836 prius
679 763 726 816 est
748 750 897 814 venarier
920 760 1043 827 ortum,

136 858 241 939 Quam
265 855 390 939 saepire
410 855 515 940 plagis
538 855 650 919 saltum
672 853 867 940 canibusque
890 852 988 917 ciere.
1175 854 1258 917 1050

200 958 366 1046 Quidquid
380 958 413 1022 id
428 970 490 1034 est,
515 979 741 1043 quaquomque
757 979 798 1020 ex
815 977 927 1021 caussa
940 955 1103 1019 flammeus
1114 958 1214 1019 ardor

135 1060 306 1127 Horribili
324 1060 431 1127 sonitu
451 1060 549 1125 silvas
568 1064 720 1125 exederat
742 1059 815 1124 altis

135 1166 191 1230 Ab
214 1163 379 1228 radicibus
399 1174 431 1227 et
449 1175 567 1228 terram
591 1175 787 1246 percoxerat
808 1162 896 1247 igni,

137 1269 297 1332 Manabat
318 1266 408 1330 venis
429 1264 632 1330 ferventibus
652 1264 685 1329 in
704 1267 777 1330 loca
800 1278 908 1330 terrae

137 1369 294 1435 Concava
315 1368 509 1434 conveniens
529 1367 655 1453 argenti
677 1366 768 1432 rivus
789 1379 821 1432 et
842 1367 931 1445 auri,
1175 1368 1257 1433 1255

136 1472 237 1537 Aeris
259 1472 335 1536 item
356 1484 389 1536 et
409 1469 551 1555 plumbi:
577 1492 676 1556 quae,
700 1493 798 1557 quom
822 1482 975 1536 concreta
994 1469 1146 1536 videbant

137 1575 309 1641 Posterius
332 1575 422 1640 claro
442 1575 476 1639 in
498 1587 603 1638 terras
627 1576 795 1658 splendere
814 1575 948 1652 colore,

139 1678 316 1743 Tollebant
338 1678 442 1743 nitido
467 1676 571 1760 eaptei
590 1677 719 1764 levique
743 1678 876 1761 lepor-ea

138 1783 185 1846 Et
202 1780 297 1844 simili
319 1781 459 1846 formata
479 1780 630 1846 videbant
653 1802 721 1845 esse
744 1782 868 1865 ligura,

139 1886 250 1970 Atque
272 1884 456 1948 lacunarum
474 1885 602 1948 fuerant
625 1883 760 1968 vestigia
779 1883 935 1968 quoique.
1178 1884 1261 1946 1260

140 1989 225 2050 Tum
247 1990 435 2070 penetrabat
456 2009 530 2064 eos,
554 2009 650 2070 posse
673 1989 753 2050 haec
772 1985 945 2072 liquefacta
967 1986 1078 2051 calore

141 2089 326 2171 Quamlibet
346 2088 379 2153 in
400 2091 539 2155 sormam
562 2102 594 2154 et
614 2089 730 2154 faciem
754 2093 926 2155 decurrere
947 2112 1055 2154 rerum

140 2195 185 2258 Et
207 2214 358 2276 prorsum
382 2192 527 2279 quamvis
549 2192 582 2256 iu
605 2205 697 2257 acuta
716 2215 754 2257 ac
773 2192 882 2257 tenvia
903 2214 1001 2277 posse

141 2297 341 2360 Mucronum
364 2295 437 2359 duci
457 2295 587 2380 fastigia
608 2288 836 2379 procudeud0,

141 2401 187 2464 Ut
206 2397 268 2462 sibi
289 2399 352 2462 tela
370 2411 484 2481 parent
504 2398 665 2483 silvasque
686 2411 718 2462 et
739 2403 872 2464 caedere
894 2399 1036 2483 possint,
1161 2395 1262 2463 ‘1265

141 2494 315 2566 Materiem
337 2502 464 2578 levare,
490 2502 601 2565 dolare
624 2523 661 2565 ae
682 2506 796 2567 radere
818 2503 908 2587 tigna

142 2607 187 2670 Et
208 2609 374 2669 terebrare
396 2605 488 2669 etiam
512 2628 549 2670 ac
571 2610 764 2689 pertundere
787 2629 910 2692 perque
932 2607 1058 2672 forare.

208 2710 279 2772 Nec
301 2708 402 2771 minus
425 2721 560 2794 argento
581 2710 690 2773 facere
711 2711 791 2773 baec
813 2731 957 2794 auroque
978 2712 1135 2793 parabant

144 2812 249 2891 Quam
272 2810 370 2874 validi
392 2810 530 2894 primum
552 2811 705 2878 violentis
728 2811 853 2876 viribus
875 2811 976 2875 aeris:

143 2912 388 3000 Nequidquam3
411 2915 564 2998 quoniam
586 2918 719 2979 cedebat
738 2913 826 2978 victa
847 2925 990 2996 potestas
1182 2916 1267 2978 1270

144 3019 217 3082 Nec
236 3028 366 3100 poterat
386 3018 509 3101 pariter
530 3022 644 3082 durum
667 3019 801 3082 sufferre
819 3017 979 3082 laborem.

145 3253 203 3286 ecre
221 3245 265 3284 Ar.
285 3239 359 3285 Pius:
390 3244 479 3294 „sunt‚
500 3241 539 3298 qui
557 3253 648 3298 uapore
667 3241 766 3300 legant”
790 3266 823 3276 -
848 3242 910 3299 quod
929 3242 971 3291 W.
991 3241 1091 3297 recepit.
1119 3241 1166 3285 Sed
1182 3241 1268 3285 colore

145 3311 223 3356 Codd.
238 3315 262 3354 et
272 3309 334 3355 Edd.
346 3323 441 3356 omnes.
478 3309 554 3356 1265.
573 3316 597 3354 et
608 3309 712 3355 caedere
724 3312 800 3357 Codd.
812 3313 929 3369 plerique.
941 3313 1002 3356 Ver.
1013 3312 1075 3354 Ven.
1095 3334 1128 3344 -
1148 3309 1268 3354 excidere

145 3381 214 3425 Bria.
231 3380 321 3425 tte-fl.
378 3377 455 3427 12⁶6.
483 3381 660 3440 nauteriemque
678 3381 781 3437 dolore,
800 3385 884 3427 levore
903 3395 934 3425 ue
952 3379 1043 3424 rudere
1061 3379 1153 3439 tignn;
1170 3381 1203 3424 ita
1216 3380 1268 3424 fere

145 3451 208 3496 Edd.
227 3455 285 3495 vett.
302 3451 345 3495 W.
365 3464 436 3507 quem
459 3453 480 3495 sl
505 3452 589 3494 audias
613 3466 730 3506 „necesse
755 3458 791 3498 est
813 3454 896 3498 leuare
921 3463 1017 3494 sensnm
1040 3449 1130 3493 habere
1149 3450 1270 3493 frondium

146 3522 356 3576 exspoliandarum
374 3525 444 3577 elque
463 3535 586 3565 ramorum
604 3536 822 3577 supervacuorum,
844 3528 869 3566 ut
881 3522 951 3579 virg.
962 3521 1007 3565 Ge.
1022 3517 1053 3573 2,
1067 3515 1127 3564 000.
1144 3531 1215 3563 omne
1233 3518 1269 3561 le·

147 3590 255 3636 eundum
268 3588 367 3635 Fronde
382 3592 498 3636 nernue.''
528 3592 575 3634 Sed
593 3594 689 3636 diversa
708 3594 793 3636 miscet
805 3593 846 3636 W.
867 3606 909 3636 nec
927 3593 1010 3634 levare
1030 3590 1090 3633 uude
1109 3588 1145 3632 sic
1164 3588 1270 3642 positum

147 3663 247 3705 tolerari
266 3665 354 3716 potest.
374 3660 419 3705 Au.
437 3661 467 3705 P.
492 3663 670 3720 materiemque
693 3661 780 3706 dolore
800 3675 830 3704 uc
848 3662 912 3705 levio
931 3659 1022 3704 rudere
1041 3659 1129 3717 tigno,
1158 3659 1219 3700 unde
1238 3655 1268 3704 L.

148 3736 172 3776 et
189 3733 231 3778 W.
253 3736 446 3786 proposuerunt:
466 3732 644 3790 materiemque
658 3731 744 3775 dolore
757 3745 788 3775 oc
799 3731 865 3775 levia
878 3729 982 3774 reddere
995 3729 1077 3789 ligno.
1110 3727 1160 3771 Nos
1175 3727 1270 3782 priscos

148 3801 187 3846 Pii
199 3801 277 3845 Codd.
293 3801 324 3845 E.
336 3801 366 3844 ll.
381 3803 457 3846 seculi
470 3813 569 3857 suinus3
589 3802 750 3857 corruptionis
769 3801 839 3859 origo
857 3800 983 3844 nuariilesto
1003 3804 1039 3844 est
1056 3797 1124 3843 verbi
1144 3798 1228 3841 levore
1247 3800 1271 3859 et

148 3871 291 3929 significatio
311 3875 334 3914 et
353 3873 472 3927 quantitas
491 3873 609 3929 ignorata.
631 3868 687 3930 [Cd.
702 3872 748 3919 C.:
769 3871 894 3928 siluaeque
913 3875 937 3913 et
954 3868 1059 3912 euadere
1074 3869 1177 3924 possint
1189 3865 1270 3921 utute·

147 3943 259 4000 riemque
277 3940 407 3986 dolore-et
424 3943 507 3986 levore
526 3956 556 3984 uc
575 3956 598 3987 r.
619 3947 637 3986 t.
675 3940 719 3985 Cd.
734 3941 781 3985 E.:
802 3941 929 3997 silvaeque
947 3937 1052 3982 caedere
1066 3939 1170 3996 poeaint
1186 3926 1269 3980 Mole-

147 4012 259 4070 rt'emque
277 4010 376 4055 doloret
393 4010 428 4069 (in
442 4025 520 4071 inarg.
534 4009 634 4069 dolore)
651 4013 734 4055 levore
750 4025 780 4055 oc
793 4024 816 4054 r.
829 4015 847 4053 i.
868 4008 944 4052 b'orb.
957 4013 983 4051 ut
994 4004 1085 4061 Wsli.,
1104 4021 1182 4052 ineam
1193 4012 1271 4049 lernen

148 4082 333 4138 explicationem
355 4087 461 4130 secutus.
495 4085 585 4126 Verum
609 4081 748 4126 incredibile
774 4085 811 4125 est
833 4078 974 4124 Lucretium
998 4077 1145 4134 corripuisse
1168 4082 1271 4132 primum

148 4154 204 4208 syll.
225 4153 295 4197 huius
314 4165 337 4196 v.
356 4149 462 4210 idoare]
499 4150 575 4196 1271.
591 4157 693 4209 poteret
708 4151 739 4195 E.
757 4150 786 4194 L.
804 4151 835 4194 ll.
853 4148 946 4192 Eicbst.
965 4170 998 4180 -
1012 4153 1131 4204 poterent
1143 4147 1197 4191 scit.
1212 4147 1271 4188 duee

148 4228 280 4281 potestates
299 4222 352 4268 auri
370 4226 394 4267 et
411 4224 515 4280 urgenti,
541 4236 554 4266 e
573 4223 634 4266 Cdd.
648 4222 704 4278 aliq.
720 4218 772 4277 (C.)
785 4221 828 4264 W.
839 4218 916 4263 Forb.
936 4217 983 4262 Sed
998 4230 1099 4273 vereor,
1120 4230 1166 4273 ne,
1185 4214 1272 4274 quiite

149 4296 314 4351 seripserunt,
334 4306 376 4349 per
394 4306 505 4339 errorem
523 4291 623 4337 verbum
639 4292 703 4337 istud
720 4290 849 4336 retulerint
866 4290 896 4335 ad
915 4285 1037 4333 dominer.
