2782 4762
1071 205 1132 271 att

130 367 276 452 Accipe,
299 366 449 444 Romeli,
472 364 646 450 radiosque
667 362 1000 450 intringesonantes,

135 471 209 537 Sive
231 471 320 534 iuvat
342 469 488 534 minimos
509 468 624 532 fidibus
647 471 819 551 depectere
841 489 972 532 versus:

217 575 373 651 „Fortem
397 595 463 639 non
486 594 549 658 ego
574 570 729 649 dixerim,
1093 571 1134 634 85

224 678 327 758 Quem
350 676 428 741 belli
450 675 562 760 spoliis
586 695 718 759 gravem
1112 667 1115 673 ’

219 780 350 846 Imbelli
372 790 503 863 superat
525 779 600 843 colu

223 885 438 960 Formosum,
463 883 593 959 mulier,
618 886 750 947 malum.
795 955 796 959 η

214 987 289 1051 'Hic
310 999 358 1050 est
379 986 561 1051 Herculeus
588 986 682 1066 labor

224 1092 301 1163 Non
324 1089 409 1153 vinei
431 1090 519 1153 velut
542 1090 737 1154 Hercules.”
1098 1090 1139 1154 90

139 1193 214 1260 Sive
235 1193 323 1257 iuvat
345 1193 502 1278 tragicum
527 1193 666 1256 numeris
686 1193 821 1277 implere
837 1195 1022 1279 theatrum:

223 1296 362 1382 „Regali
384 1295 524 1359 canimus
547 1298 642 1359 caede
666 1296 839 1381 Neapolim

163 1429 164 1432 ¹
226 1400 409 1464 Famosum.
453 1397 621 1462 Lacrimas
643 1400 759 1478 funde,
786 1400 915 1465 Suevia.

221 1504 386 1586 Praeceps
407 1501 566 1566 immerito
592 1501 750 1581 Carolus,
774 1505 840 1568 heu
861 1504 969 1569 nelas!

198 1600 200 1604 ⁴
227 1604 395 1670 Exstinxit
415 1606 528 1690 iugulo
552 1607 756 1690 sanguineam
780 1608 876 1672 sitim.
1100 1606 1139 1670 95

227 1710 363 1791 Sceptro
387 1707 458 1792 quis
481 1707 606 1771 iuvenis
629 1709 706 1772 fidat
729 1722 761 1773 et
784 1710 927 1774 annulo?

231 1812 320 1875 Fatis
342 1810 402 1874 iste
423 1822 513 1874 tuum
535 1810 678 1892 prodidit
699 1811 876 1895 improbis,
954 1843 958 1849 ·

231 1913 435 1990 Conradine,
461 1913 594 1996 caput.”

146 2022 211 2085 Seu
232 2018 402 2102 proprium
423 2019 544 2083 Flacco
569 2040 655 2082 mens
678 2030 726 2082 est
748 2020 941 2104 subiungere
964 2039 1111 2096 carmen,

142 2124 245 2208 quue
268 2122 322 2187 vel
342 2122 495 2199 incisum,
519 2121 701 2208 priscisque
723 2122 854 2206 aequale
871 2121 1056 2188 cothurnis:
1080 2123 1143 2184 100

145 2225 466 2309 „Metireprimum
490 2248 529 2289 ne
551 2247 689 2311 peragas
711 2226 827 2289 scelus.

143 2330 200 2394 Nil
223 2330 471 2412 concupiscens,
496 2329 640 2414 possidet
662 2328 781 2393 omnia.

147 2434 297 2519 Regnum
320 2445 368 2497 est
390 2454 500 2497 carere
522 2454 759 2517 possetregno.

230 2538 365 2620 Semper
385 2536 480 2619 inops
503 2535 628 2600 inhians
650 2535 781 2600 furtiuis.

148 2638 300 2721 Quaesita
324 2639 393 2702 laus
415 2639 445 2701 in
468 2641 596 2722 probra,
611 2641 781 2704 relabitur.
933 2675 936 2679 .
1086 2640 1145 2703 105

144 2746 285 2830 Ignotus
309 2740 383 2807 orbi
405 2742 514 2806 notior
537 2752 586 2805 est
607 2743 680 2807 sibi.
747 2807 749 2810 .

148 2851 275 2912 Stetere
297 2867 362 2910 non
383 2845 478 2929 pauci
498 2845 650 2912 iacendo:

234 2953 357 3014 Stando
380 2949 475 3013 etiam
498 2948 625 3014 iacuere
648 2949 772 3014 multi.'’

151 3053 218 3119 Vel
239 3065 360 3117 tantum
384 3052 476 3135 lyrici
499 3053 582 3118 vatis
604 3054 811 3119 concentibus
833 3065 960 3137 aptum:

155 3161 230 3235 „Ne
254 3158 347 3222 differ
368 3160 505 3221 Hunnos
528 3157 647 3240 pellere
668 3158 785 3241 patria.
1087 3158 1148 3221 110

150 3260 286 3338 Virtus,
315 3262 458 3347 ligonum
481 3282 571 3325 more
594 3260 796 3337 rubentium,

236 3364 437 3448 splendescit
458 3363 585 3443 attritu,
610 3365 723 3429 labore
747 3426 749 3428 ,

238 3468 391 3534 Continui
413 3472 598 3533 renovanda
621 3469 710 3534 belli.

151 3575 278 3638 lactura
300 3593 365 3634 non
388 3582 437 3650 est,
458 3583 561 3637 morte
577 3573 753 3656 perennius

153 3677 280 3741 Aevom
302 3674 434 3759 pacisci.
479 3674 542 3756 Qui
565 3675 686 3756 patriae
709 3698 831 3741 memor
947 3715 950 3719 -

157 3779 287 3861 Corpus
309 3777 477 3862 fatigatum
499 3779 635 3842 reclinat

237 3881 457 3957 Volneribus,
483 3880 564 3944 iacet
585 3882 617 3946 in
640 3882 839 3968 triumpho.''

482 4129 699 4143 ..u-u*
