2782 4762
303 545 305 549 ·
391 511 436 578 D.
460 509 659 578 LABERII
681 511 947 588 PROLOGUS.
988 501 992 508 ¹

392 699 394 704 ,
433 657 581 704 meaos.
602 656 740 704 scruas.
760 657 792 702 ιι.
813 657 842 703 c.
864 655 890 702 r.

158 803 320 863 Laberium
346 823 473 881 asperae
496 803 645 863 libertatis
665 805 795 882 equitem
817 788 987 860 Romanum
1006 802 1120 862 Caesar
1139 791 1229 880 quiu-

101 901 200 976 gentis
220 898 340 956 milibus
361 899 519 966 invitavit,
547 909 581 955 ut
601 897 740 974 prodiret
763 899 794 954 in
824 915 947 954 scenam
975 907 1005 954 et
1032 897 1096 972 ipse
1123 884 1228 974 age'ret

101 994 227 1061 mimos,
248 1010 325 1069 quos
345 988 546 1066 scriptitabat.
600 990 663 1048 Sed
684 999 836 1065 potestas,
857 1008 919 1048 non
940 990 1038 1048 solnm
1057 991 1084 1059 si
1099 990 1225 1062 invitet,

101 1086 264 1142 sedetiam
284 1083 451 1160 supplicet,
473 1085 566 1161 cogit.
605 1083 693 1142 Unde
714 1101 745 1139 se
766 1093 796 1140 et
814 1081 964 1141 Laberius
984 1103 1001 1140 a
1021 1081 1150 1141 Caesare
1170 1101 1225 1140 co·

100 1189 201 1236 actum
220 1180 253 1235 in
273 1178 401 1254 prologo
421 1187 550 1234 testatur
569 1176 616 1232 his‘
636 1170 795 1232 versibus}

309 1311 462 1370 Necessitas,
483 1315 569 1372 quoius
587 1314 675 1359 edesus
693 1313 826 1358 transversi
845 1303 965 1370 impetum

309 1399 446 1450 Voluerunt
464 1402 532 1447 multi
551 1394 656 1460 effugere
667 1433 674 1456 ‚
695 1401 763 1456 pauci
782 1399 927 1457 pottleruut,

309 1492 363 1550 Quo
381 1486 419 1534 md
437 1490 541 1534 detrusit
557 1485 631 1544 padue
650 1488 767 1533 extremis
786 1484 915 1532 slusibusl

307 1580 385 1638 Quem
403 1574 472 1625 niella
488 1577 604 1631 ambitio,
621 1563 691 1621 ιιιιὶΙΙιι
710 1589 813 1633 anquam
831 1571 948 1635 largitio,
1006 1607 1009 1610 ⁴
1040 1571 1043 1574 ’

309 1666 398 1713 Nulltls
416 1667 506 1720 timor,
526 1665 563 1709 sa's
580 1663 666 1718 ncilla,
686 1664 754 1708 nulla
770 1660 904 1710 auctdrstas
926 1696 929 1704 .

310 1749 410 1799 lllovdre
430 1754 508 1810 potuit
525 1750 550 1797 iu
567 1752 663 1798 iuuenta
678 1747 710 1795 dd
729 1756 812 1810 statu3

309 1842 373 1887 Ecce
392 1840 416 1887 lu
436 1846 532 1886 senecta
550 1817 580 1884 ut·
592 1837 664 1885 facile
683 1838 796 1885 labefecit
813 1841 867 1885 loco

312 1929 369 1974 vin·
387 1925 526 1975 tasettenus
545 1923 622 1972 indute
639 1927 753 1972 clementi
771 1923 834 1972 ddita

308 2014 436 2062 Submissa
454 2017 562 2073 placide,
581 2013 764 2072 bldndiloquens
783 2013 879 2060 ordtiol

310 2104 407 2150 Etenim
424 2102 472 2160 ipsi
488 2096 520 2147 Dl
538 2101 626 2162 uegdre
644 2104 682 2148 cui
702 2103 735 2147 ull
753 2102 900 2161 potderunt,

310 2187 435 2236 llomiudm
452 2205 491 2236 me
509 2190 629 2250 deuegalre
648 2196 701 2250 quls
719 2187 801 2247 posset
819 2189 892 2247 pati?

309 2279 364 2338 Ego
382 2277 420 2324 bls
440 2279 539 2324 tricenis
557 2277 626 2324 dosis
644 2280 703 2325 actis
722 2275 774 2324 sind
791 2285 849 2324 nota

313 2363 393 2433 Equis
411 2367 534 2412 Romanus
553 2363 582 2411 dx
599 2367 663 2413 Lare
682 2365 798 2427 egresstis
816 2382 871 2413 meo

308 2453 414 2499 Domum
433 2460 545 2499 revortar
562 2453 666 2500 mimus!
686 2455 806 2500 Nimirum
823 2452 871 2500 hdc
889 2457 927 2501 die

310 2539 366 2588 {lud
384 2544 438 2599 ptus
455 2543 524 2597 vixi,
544 2540 605 2588 milti
623 2556 693 2600 qnam
710 2541 839 2588 virendrlm
856 2543 912 2588 fuit.
1096 2531 1102 2546 Χ
1194 2541 1225 2590 15

344 2627 455 2674 Forttina
473 2630 632 2674 immoderata
654 2629 679 2674 ln
697 2629 762 2674 bono
780 2644 856 2688 aeque
871 2636 945 2689 atque
965 2627 990 2675 ia
1007 2632 1090 2686 mala,

305 2717 333 2762 Si
352 2717 394 2761 tibi
412 2712 465 2760 drat
483 2717 576 2761 libitum
594 2714 721 2762 literarum
739 2714 851 2762 lstldlbus
931 2758 933 2762 ,

309 2801 413 2850 Flerdns
429 2818 542 2849 cacumen
561 2801 660 2849 ndstraa
677 2805 756 2849 tannae
774 2802 905 2864 intingere,

307 2891 359 2936 Cur
378 2887 452 2950 qndm
470 2892 579 2951 vigebam
597 2888 711 2936 nidmbris
730 2890 964 2955 praeviridtlntibus,

306 2980 372 3023 Satis
390 2978 471 3024 tdcere
489 2979 578 3035 pupulo
596 2983 621 3024 et
638 2978 680 3024 tati·
698 2993 770 3036 quom
788 2979 898 3035 poterdm
914 2982 986 3036 viro,

308 3065 363 3110 Non
381 3063 511 3111 ssdxibllem
530 3081 567 3112 me
586 3061 756 3122 cdncurvastl,
777 3072 803 3112 nt
820 3066 956 3124 carperes?

310 3135 379 3198 Nunc
395 3149 434 3197 md
453 3167 500 3211 quo
519 3151 625 3198 deiicis?
645 3153 707 3210 Quid
725 3156 755 3199 ad
773 3168 869 3200 scenam
887 3151 987 3203 dllerol

313 3236 438 3287 Deedrem
452 3241 562 3296 formae,
581 3255 611 3285 an
630 3240 771 3300 dignitatem
788 3239 916 3298 emporis,

308 3327 391 3373 Animi
408 3329 536 3384 virtutem,
556 3343 585 3373 an
603 3325 671 3387 ideis
690 3328 807 3376 locandis
825 3329 930 3376 sonum?

310 3416 342 3460 Ut
358 3412 446 3461 bede'ra
464 3429 564 3472 serpens
581 3413 647 3462 vires
666 3415 784 3464 arboreis
802 3422 888 3473 necat,
1186 3414 1220 3463 25

115 3625 120 3634 ι
170 3569 205 3625 (v.
227 3567 251 3613 l.
277 3569 311 3613 ita
333 3568 435 3614 Arcens.
466 3565 543 3614 1519.
562 3567 659 3614 (tamer.
682 3566 758 3616 1533.
782 3581 862 3614 cerea
880 3580 970 3614 acerras
987 3570 1071 3617 Vesal.
1093 3565 1169 3613 1521.
1189 3591 1222 3602 -

97 3651 178 3684 curru
184 3639 331 3683 aversante.
346 3633 435 3694 1528.)
455 3634 479 3682 8.
490 3636 671 3683 detrustiScal.
686 3639 723 3682 lb.
735 3639 859 3683 extremis
867 3637 1010 3683 sensibusi.
1024 3653 1047 3683 e.
1058 3637 1222 3698 „iislsensibas

99 3709 155 3761 vel,
176 3713 201 3753 ut
217 3722 262 3752 nos
275 3708 395 3760 diciamus,
410 3708 516 3760 ratione,
538 3721 597 3765 quae
610 3721 736 3753 remanere
749 3708 819 3752 debet
830 3708 921 3752 bomini
939 3721 986 3752 uon
996 3713 1097 3763 prorsus
1111 3719 1222 3762 seem,

99 3776 162 3821 cui’'
180 3777 305 3821 extremis
332 3777 425 3831 „etiam
444 3777 554 3823 sensibus
572 3778 721 3832 deperditis,
750 3779 808 3822 nulli
836 3789 938 3832 prorsus
966 3780 1094 3831 supersunt
1111 3776 1224 3822 sensus.’'

99 3869 133 3879 -
151 3853 282 3891 extorrem
310 3846 427 3890 sensibus
455 3847 491 3889 vel
516 3849 589 3893 etiam
616 3860 651 3890 es·
682 3847 773 3892 mentis
798 3847 915 3891 sensibus
942 3845 1038 3890 volebat
1065 3844 1221 3902 Oudendorp.

102 3912 145 3958 12.
170 3914 226 3975 Ego
253 3915 293 3958 dia
318 3914 379 3958 Edd.
411 3915 474 3961 laud.
502 3917 606 3961 Collect.
634 3916 731 3961 Pisaur.
761 3917 792 3960 T.
819 3912 844 3960 8.
871 3929 895 3971 p.
922 3911 981 3959 ³82.
1003 3938 1035 3948 —
1054 3912 1126 3976 Ergo
1144 3914 1222 3962 Gron.

102 3981 144 4028 18.
163 3999 216 4047 esc,
247 3985 308 4040 quod
328 3985 351 4026 in
370 3983 448 4028 Grau.
469 3985 551 4040 deest,
571 3998 601 4029 ex
618 3985 715 4029 Pisaur.
736 3985 837 4029 inserui.
874 3983 946 4043 Ergo
965 3984 1041 4028 annis
1059 3984 1098 4029 ds's
1117 3985 1223 4029 tricenis

98 4053 198 4100 sorte.
242 4051 283 4097 18.
311 4050 418 4096 Florem
445 4066 566 4098 cucurnen
591 4068 645 4099 cum
673 4055 775 4110 Lipsio,
806 4054 906 4098 Heinsio
925 4058 949 4098 et
965 4054 1104 4099 Wielaudio
1123 4055 1221 4111 Bothe3

98 4117 228 4183 pru-Cett.
243 4121 340 4184 floris,
371 4136 418 4178 quo
442 4127 536 4168 retento
555 4124 594 4168 lit.
621 4121 691 4167 laud.
712 4124 751 4167 rix
769 4127 834 4167 recte
856 4124 971 4178 explicari
994 4129 1083 4180 potest.
1121 4125 1168 4168 Sed
1187 4128 1224 4172 est

90 4183 174 4256 gablat.
194 4192 300 4254 pendens
318 4205 372 4235 av.
387 4191 495 4254 florens.
542 4191 585 4237 21.
601 4191 662 4239 Non
679 4205 718 4236 me
731 4191 799 4255 flea.
818 4193 904 4238 Bothe.
948 4189 992 4238 22.
1011 4191 1158 4244 madait'cle
1176 4205 1223 4252 quo

99 4260 158 4307 sse.
173 4258 306 4307 -idsiicie
325 4273 372 4320 quo
389 4275 428 4306 ms
440 4262 527 4309 Bothe.
