2782 4762
183 159 245 223 120

182 316 254 379 Nec
275 314 303 377 si
328 336 375 376 me
396 311 520 376 infestis
542 311 725 392 discerpent
747 308 852 373 sidera
876 310 985 388 dictis,

247 415 388 481 Condita
410 413 486 498 quin
506 412 576 475 veri
598 410 742 494 pectoris
763 412 956 492 evoluamal

183 519 259 582 Nou
281 517 331 579 his
353 527 415 577 tam
437 515 541 579 laetor
562 514 673 589 rebus,
697 534 792 597 quam
812 535 861 576 me
883 513 998 576 abfore
1020 534 1162 596 semper,
1263 515 1301 576 75

243 618 372 681 Absore
394 638 442 679 me
465 637 482 678 a
505 613 651 679 dominae
674 613 796 676 vertice
817 613 1018 678 discrucior:
1107 658 1112 669 ·

183 715 321 800 Quicum
342 738 423 800 ego,
449 720 520 779 dnm
544 716 640 798 virgo
663 717 824 799 qnondam
844 714 905 776 suit
924 714 1071 779 omnibus
1095 738 1228 799 expers,

245 818 409 903 Unguenti
431 817 457 879 si
478 838 539 878 nna
560 815 647 878 milia
668 816 765 877 multa
786 815 875 891 bibi,

182 924 277 985 Nunc
299 941 377 994 vos,
401 929 514 1000 optato
538 939 615 1001 quas
635 916 738 979 iunxit
762 917 880 980 lumine
903 921 1013 993 taeda,

246 1024 323 1086 Non
343 1029 418 1101 post
439 1017 593 1080 unanimis
617 1038 760 1099 corpora
780 1018 972 1102 coniugibus

184 1122 318 1186 Tradite
340 1123 493 1182 nudantes
513 1118 632 1193 reiecta
655 1129 743 1180 veste
765 1119 919 1200 papillas,

246 1220 332 1303 Quin
353 1220 489 1284 iucunda
513 1218 591 1281 mihi
612 1240 742 1282 insinere
762 1219 841 1283 libet
864 1242 971 1301 onyx,

237 1447 279 1496 73.
298 1463 343 1494 nec
361 1448 446 1496 Valck.
470 1448 518 1491 l'ea
540 1449 569 1490 ud
589 1449 672 1491 Horat.
693 1446 972 1507 Tom.2.pag.321l.s
989 1449 1064 1495 Codd.
1088 1472 1117 1483 -
1137 1454 1298 1510 nonreliqut.

184 1519 220 1568 lb.
239 1519 339 1564 dextris
355 1519 435 1561 Bentl.
457 1517 520 1561 coni.
542 1517 627 1562 Valck.
656 1516 750 1569 „dictis
777 1518 881 1574 aliquem
907 1518 1001 1562 infestis
1024 1525 1124 1575 petere,
1156 1521 1301 1577 corripere,

184 1588 297 1633 ruorders
317 1588 362 1630 dici
381 1587 504 1630 commode
524 1585 617 1640 potuit3
642 1586 724 1628 nescio
743 1600 772 1628 an
792 1588 862 1630 etiam
881 1584 1051 1643 discerpere.’'
1071 1590 1156 1633 Valck.
1186 1587 1241 1633 nou
1259 1592 1301 1633 du·

183 1660 280 1702 bitere:
313 1657 411 1698 Sallust.
428 1654 479 1711 lug.
501 1651 543 1699 85.
569 1666 642 1710 quium
666 1667 704 1695 me
727 1668 815 1712 rosque
833 1653 975 1698 maledictis
992 1657 1121 1710 lucerent;
1149 1662 1174 1700 st
1191 1660 1314 1703 convicio·

179 1723 362 1783 proscindere,
382 1723 420 1766 rel
436 1722 576 1776 simpliciter
592 1721 757 1777 proscindere
776 1724 820 1766 hoc
839 1724 923 1769 eodem
942 1723 1075 1782 significatu
1095 1727 1234 1770 tralatitium
1253 1732 1299 1771 est.

183 1815 217 1827 ·-
236 1794 380 1848 discerpent
397 1792 449 1834 dedi
469 1804 521 1833 cnm
539 1790 637 1833 Lacbm.
660 1804 705 1844 pro
723 1792 878 1849 discerpunt.
935 1790 977 1837 71.
997 1795 1049 1837 reri
1068 1809 1080 1838 e
1103 1795 1178 1838 Codd.
1200 1797 1302 1849 praetuli

183 1877 237 1908 cum
255 1863 340 1906 Valclt.
361 1864 385 1904 et
402 1859 520 1903 Fosc.—-
538 1859 590 1901 reri
603 1860 717 1915 pectoris
736 1866 773 1905 est
791 1862 906 1915 simplicis
923 1866 993 1917 atque
1012 1864 1099 1915 aperti.
1118 1868 1163 1916 „ut
1181 1877 1209 1906 ex
1228 1865 1301 1906 animi

184 1933 301 1976 sententia
321 1929 446 1985 eloquar.”
464 1951 497 1961 -
516 1928 583 1971 rerei
602 1930 700 1979 eodem,
721 1931 808 1983 credo,
829 1928 961 1987 significatu
975 1930 1073 1974 [metim.
1105 1932 1247 1976 (durantem
1256 1933 1302 1975 boc

184 2003 237 2044 loco
257 2001 303 2042 ista
321 1998 398 2041 foriua
416 1997 562 2048 retinentur,
583 2009 629 2038 non
648 1997 727 2040 video.
748 2020 781 2031 -
799 2011 854 2041 rere
869 1998 966 2052 Ceteri,
981 1999 1052 2042 etium
1065 2000 1112 2043 Fea
1127 2001 1145 2044 Ι.
1159 2001 1176 2042 l.
1191 2002 1300 2059 etSillig.

184 2067 226 2114 17.
246 2067 304 2111 dum
317 2065 412 2109 firmant
424 2066 499 2108 Codd.
513 2065 629 2120 plerique.
651 2087 683 2097 -
703 2080 776 2122 quum
793 2068 856 2109 Scat.
877 2069 950 2110 Voss.
965 2069 1037 2122 Vulp.
1057 2068 1213 2125 Reliquorum
1231 2072 1302 2113 lectio

182 2136 344 2181 incertissima
362 2139 407 2178 est.
447 2134 482 2175 lb.
501 2133 577 2176 codd.
598 2133 713 2178 omnibus
730 2148 823 2189 expers
845 2133 985 2194 Unguentis
1003 2150 1053 2179 unu
1074 2138 1149 2192 (usius
1168 2139 1221 2180 nati
1239 2137 1299 2185 Cod,

182 2205 245 2256 cirri)
263 2204 345 2248 millia
363 2203 441 2245 multu
460 2200 519 2248 bibi.
552 2201 602 2243 Pro
620 2214 684 2254 unu,
714 2204 812 2245 crocini
832 2203 914 2247 Heius.
935 2217 1036 2247 murrae
1052 2219 1073 2248 s.
1087 2203 1208 2264 myrrlrue
1226 2209 1300 2250 Voss.

185 2287 255 2331 qiiem
274 2273 358 2315 deinde
377 2283 459 2314 ornnes
473 2271 547 2313 secuti
560 2273 632 2323 suut,
653 2271 724 2312 etiam
736 2272 821 2315 Valck.
838 2273 909 2315 Fose.
935 2271 1166 2327 Explicantautem:
1189 2275 1301 2318 Omnium

183 2346 359 2399 unguentorum
383 2339 464 2381 multis
488 2351 517 2382 ex
540 2338 617 2381 succis
643 2339 832 2392 compositorum
854 2353 955 2394 expers,
984 2343 1086 2396 simplici
1105 2345 1200 2396 myrrha
1219 2344 1308 2401 inungi

183 2411 300 2456 solebam.
320 2407 395 2462 (Plio.
411 2407 440 2450 ll.
456 2405 486 2450 N.
503 2401 549 2458 13,
566 2405 589 2449 1.
609 2404 720 2465 Myrrha
739 2413 763 2450 et
777 2422 825 2463 per
837 2421 865 2450 se
879 2415 1030 2467 unguentum
1041 2407 1120 2466 fucit,
1141 2417 1220 2455 stacte
1232 2412 1301 2455 dum·

183 2482 281 2530 taxat.)
299 2479 350 2520 llos
369 2489 439 2533 quum
458 2476 598 2532 quibusdam
622 2477 709 2519 anirum
735 2478 865 2530 videretur,
885 2479 976 2535 regiam
995 2481 1127 2536 virginem,
1156 2483 1301 2537 eandemque

183 2561 214 2593 ex
231 2548 426 2590 Ptolemaeorum
445 2548 520 2598 stirpe
539 2549 695 2603 prognatum,
715 2559 760 2588 uua
778 2546 875 2594 inmitia
894 2552 1043 2602 contentam,
1064 2550 1241 2592 delicatioribus
1258 2563 1300 2591 un-

182 2617 277 2674 guentis
295 2613 455 2664 abstinuisse,
474 2626 504 2663 eo
518 2614 650 2665 devenere,
672 2618 696 2655 ut
716 2616 791 2657 tribus
810 2615 833 2658 in
853 2615 927 2668 locis,
948 2608 1001 2668 laic,
1022 2618 1107 2660 Horat.
1119 2619 1169 2660 Sat.
1179 2617 1202 2670 2,
1217 2615 1241 2670 8,
1257 2613 1299 2661 15.

183 2687 254 2730 Pers.
271 2681 299 2738 6,
322 2680 363 2728 39.
387 2682 434 2728 adi.
456 2695 550 2737 expers
576 2683 698 2725 contrario
723 2697 794 2726 sensu
819 2696 862 2737 pro
883 2685 1011 2740 participe
1030 2687 1140 2739 usurpari
1159 2691 1300 2730 statuerent.

183 2768 207 2799 v.
227 2769 249 2797 c.
269 2753 346 2796 Morti
364 2752 394 2794 nd
413 2750 493 2795 Persii
514 2752 530 2798 l.
551 2751 568 2794 l.
588 2773 621 2782 -
639 2765 750 2807 expersu
772 2752 854 2795 Heius.
875 2775 907 2786 -
926 2753 1031 2808 explens
1052 2756 1127 2798 Doer.
1148 2779 1180 2789 -
1198 2755 1302 2811 expleto

182 2823 284 2873 Persei,
305 2821 409 2872 Colotti,
430 2820 546 2863 illinturni
561 2825 687 2874 excerpta,
707 2823 729 2862 id
749 2824 794 2874 est,
814 2826 966 2865 correctores
986 2823 1055 2876 ltali,
1075 2837 1135 2879 quos
1152 2829 1246 2868 secutus
1264 2828 1302 2866 est

182 2893 269 2937 Valclt.
304 2891 350 2933 Sed
376 2889 419 2931 bac
444 2889 466 2931 iu
487 2889 562 2944 elegia
581 2892 651 2932 ruinis
669 2889 768 2932 offendit
786 2902 868 2933 versus
887 2891 1038 2944 hypermstcr
1057 2893 1208 2936 durissimus.
1246 2891 1301 2934 Atia

184 2961 248 3004 enim
267 2964 303 3002 est
322 2958 384 3000 ratio
403 2970 505 3010 eorum,
535 2957 573 3012 qui
598 2957 620 3000 in
646 2971 691 3014 qus
714 2963 814 3002 exerant.
847 2959 929 3014 Epith.
944 2960 996 3004 Pel.
1011 2958 1071 3005 299.
1092 2961 1173 3004 Carm.
1190 2957 1253 3013 115,
1274 2957 1299 3004 5.

183 3029 289 3086 Elegaus
316 3028 415 3082 denique
444 3030 493 3078 est,
523 3027 564 3067 seul
592 3027 656 3068 omni
684 3026 853 3080 probabilitate
883 3029 994 3071 destituta
1017 3029 1100 3073 Aurati
1126 3032 1245 3084 suspicio:
1269 3051 1298 3060 -

183 3097 276 3142 orninis
295 3107 389 3151 expers
409 3091 534 3152 Unguenti
551 3091 656 3151 Assyrii
673 3095 754 3137 mitliu
773 3098 851 3139 multu
869 3096 928 3139 bibi.
958 3096 1048 3140 Novam
1070 3099 1208 3142 emendandi
1225 3098 1300 3140 ratio·

184 3179 239 3209 nem
257 3163 376 3221 suggessit
394 3162 451 3203 uiihi
469 3163 604 3204 Athenaeus
619 3159 665 3214 15,
688 3161 728 3205 t‘r.
743 3177 766 3217 p.
785 3161 843 3208 689.
860 3166 994 3222 Schweigb.
1015 3158 1133 3229 ἤκμασε
1151 3165 1181 3215 δὲ
1197 3161 1302 3214 καὶτὰ

184 3229 216 3281 ἐν
230 3225 424 3298 Ἀλεξανδρείᾳ
442 3224 553 3296 (μύρα)
567 3223 616 3276 διὰ
634 3227 764 3278 πλοῦτον
792 3231 842 3280 καὶ,
859 3229 907 3280 διὰ
934 3231 989 3311 rq'u
1011 3228 1160 3303 Ἀρσινόης
1176 3234 1228 3282 καὶ
1246 3234 1302 3283 Βε-

167 3299 302 3377 1ρενίκης
321 3295 461 3360 σπουδήν.
496 3292 628 3360 Ἐγίνετο
646 3295 677 3346 δὲ
698 3298 749 3346 καὶ
765 3296 796 3348 ἐν
807 3297 928 3369 Κυρήνῃ
947 3297 1068 3371 ρόδινον
1086 3301 1301 3372 χρηστότατον,

183 3364 249 3417 uab’
267 3362 304 3416 όν
324 3363 435 3435 χρόνον
456 3358 506 3428 ἔζη
530 3364 670 3438 βερενίκη
692 3362 711 3431 ἡ
735 3363 865 3432 μεγάλη,
893 3372 929 3413 vel
952 3373 1030 3425 potius
1051 3363 1070 3436 ἦ
1088 3370 1195 3437 Μάγα,
1224 3387 1300 3429 quae,

183 3444 301 3494 utcunque
333 3439 414 3493 legunt
437 3435 536 3487 Critici,
562 3440 644 3478 nostra
670 3442 716 3480 est.
769 3435 871 3481 riiodins'
898 3451 971 3499 crgo,
1002 3447 1107 3485 nostram
1138 3443 1300 3486 coniecturam

184 3507 318 3550 Vossianus
338 3505 520 3556 substituimus,
542 3508 565 3547 ut
584 3518 651 3548 cumn
670 3506 715 3550 boc
734 3507 811 3551 dicat:
832 3508 942 3552 omuibus
961 3510 1015 3552 aliis
1035 3513 1162 3569 unguentis
1181 3511 1300 3565 posthabi-

182 3579 229 3630 tis,
261 3588 307 3619 uno
332 3574 433 3617 rhodino
457 3586 478 3617 s.
498 3587 598 3616 rosaceo
624 3574 784 3628 perfundebar
804 3576 919 3632 Cyrenis,
952 3578 1093 3637 dum'virgo
1112 3581 1157 3625 fuit
1174 3582 1298 3625 Berenice.

182 3665 218 3677 -
235 3645 299 3688 llaec
323 3644 467 3697 scripseram
493 3642 517 3685 in
535 3642 580 3684 Ed.
604 3655 642 3696 pr.
663 3645 742 3700 itaque
756 3646 891 3690 edideram:
924 3646 1028 3706 Quicum
1053 3663 1114 3707 ego,
1148 3649 1206 3694 ditm
1229 3651 1301 3707 virgo

184 3712 308 3771 quondum
318 3708 388 3769 suit,
409 3711 523 3755 omnibus
542 3724 637 3766 expers
664 3711 820 3773 Unguentis,
846 3712 948 3759 rhodini
966 3717 1043 3760 milia'
1057 3720 1135 3761 multu
1154 3719 1212 3762 bibi.
1234 3719 1300 3762 Nunc

183 3783 271 3825 melior
289 3781 414 3825 videbatur
432 3780 576 3824 Lachmanni
596 3786 619 3823 et
636 3782 678 3824 Br.
698 3783 776 3836 ratio,
796 3797 865 3840 quam
885 3786 989 3829 exhibui.
1019 3786 1069 3828 lam
1082 3788 1101 3830 si
1115 3789 1233 3845 iungimus
1245 3801 1299 3832 cuui

184 3853 238 3894 Sill.
253 3849 387 3894 etLacbm.
407 3848 465 3893 daim
484 3849 556 3908 virgo
574 3849 696 3906 quondum
708 3847 765 3908 suit
782 3852 896 3896 omnibus
915 3867 1010 3911 expers
1028 3856 1125 3900 minime
1144 3859 1299 3910 supplendum

184 3923 231 3963 erit
246 3919 336 3970 inuiis,
364 3920 562 3975 quemadmodum
581 3918 632 3962 fere
650 3921 700 3962 vult
718 3921 787 3973 Sill.,
813 3927 844 3964 ita
865 3921 1048 3977 interpretatus:
1069 3925 1219 3976 „Berenicen
1238 3931 1302 3968 tran·

185 3989 258 4044 quitle
277 3988 363 4040 vitam,
385 3989 447 4031 nulla
461 4001 486 4031 rs
501 3990 618 4031 turbatam
633 3989 746 4044 egisse”:
767 3992 808 4033 sed
822 3991 868 4034 erit
882 3992 995 4035 erunibus
1009 3993 1066 4035 viris
1080 4008 1189 4050 expers,
1210 3987 1303 4042 ἀταύ-

184 4068 286 4124 ρωτος,
315 4056 401 4114 (sutig
417 4057 504 4100 edidit:
527 4054 713 4116 Unguentorum
732 4071 782 4101 unu
803 4059 875 4102 miliu
888 4063 967 4104 multa
980 4060 1045 4112 bibi,
1066 4063 1181 4116 probante
1195 4064 1302 4107 Censore

185 4122 301 4179 lenensi.)
340 4121 381 4169 79.
401 4121 474 4181 quus]
497 4126 583 4170 Vulck.
605 4126 676 4169 Fosc.
701 4126 753 4171 Sill.
778 4128 878 4171 eCodil.
903 4135 926 4173 et
942 4129 1074 4174 Ennius.
1095 4156 1127 4164 —
1147 4146 1208 4190 pune
1226 4133 1302 4190 Rheg.

183 4191 280 4250 (Voss)
301 4214 330 4225 -
350 4206 421 4251 quem
439 4192 496 4250 (Ed.
511 4197 561 4248 pr.)
590 4216 619 4227 -
646 4208 720 4253 quum
738 4194 865 4252 (Corrad.)
892 4220 920 4231 -
940 4197 1012 4244 Nunc
1021 4232 1027 4254 ,
1048 4214 1089 4245 ros
1105 4208 1187 4259 optato
1200 4215 1272 4261 quum
1283 4201 1302 4244 i.
