2782 4762
1164 173 1224 237 sos
1242 258 1244 262 Ι

99 339 164 404 Vel
188 341 252 403 duo
277 338 327 400 vel
349 358 457 400 nemo.
481 370 523 383 -
546 339 680 419 „Turpe
704 349 734 400 et
758 333 971 423 miserabile.''
995 364 1037 378 ·-
1060 331 1192 414 Quare?

63 480 64 485 κ
99 443 150 506 Ne
175 439 248 503 mihi
272 441 463 519 Polydamas
488 450 519 501 et
542 440 703 502 Troiades
726 440 914 500 Labeonem
952 456 954 461 ·

99 541 342 608 Praetulerint?
364 543 498 626 Nugae!
524 542 619 616 Non,
644 539 671 602 si
694 539 768 622 quid
791 524 1048 631 turbida²lsshma
1205 539 1224 600 5

99 646 233 720 Elevet,
257 646 391 706 accedas
415 663 611 728 examenque
634 642 819 723 improbum
841 641 873 704 iu
895 642 948 705 illa

101 745 250 831 Castiges
273 747 409 819 trutina,
436 756 548 807 necte
571 742 768 828 quaesiveris
792 753 896 805 extra.

100 851 183 912 Nam
207 850 333 912 Romae
355 845 427 928 quis
451 845 540 908 non?
563 847 615 908 Ah
639 844 667 906 si
688 844 736 907 las
759 844 883 906 dicere!
907 847 964 907 aed
984 846 1034 910 sas

102 954 196 1014 Tarne
219 970 317 1032 quom
341 951 379 1011 ad
401 947 547 1010 canitiem
570 957 602 1009 et
624 957 768 1010 nostrum
789 946 874 1008 istud
896 946 1008 1011 vivere
1030 950 1122 1011 triste

101 1051 248 1134 Adspexi
271 1072 308 1112 ae
331 1049 464 1112 naicibus
486 1047 619 1110 iacimus
642 1068 850 1131 quaecunque
872 1049 1011 1127 relictis,
1081 1064 1084 1069 ’
1185 1054 1225 1114 10

101 1156 208 1234 Quom
226 1153 364 1235 sapimus
381 1162 537 1233 patruos:
561 1162 655 1225 tune,
680 1160 756 1211 tunc
770 1149 942 1233 ignoscite.
957 1175 1001 1199 ·-·
1020 1153 1171 1226 ..Nolo.''
1184 1188 1226 1199 -

99 1256 189 1336 Quid
210 1253 350 1330 faciami'
371 1256 437 1316 Sed
456 1274 526 1315 sum
548 1250 705 1332 petulanti
726 1251 835 1332 splene
859 1251 1028 1319 cachinno.
1051 1288 1093 1301 -

100 1357 277 1421 Scribimus
299 1355 431 1429 inclini,
457 1374 606 1416 nunteros
629 1353 700 1428 ille,
724 1353 777 1415 hie
798 1355 880 1434 pede
903 1354 1002 1431 liber,

96 1457 229 1518 Grande
253 1453 391 1538 aliquid,
423 1454 511 1535 quod
532 1451 643 1532 pulmo
667 1449 787 1513 animae
808 1452 996 1535 praelargus
1024 1454 1162 1519 anhelet.
1186 1483 1228 1499 ·-

100 1555 232 1619 Scilicet
253 1557 333 1618 haec
354 1555 478 1635 populo
501 1573 669 1636 pexusque
691 1563 834 1635 togaque
856 1555 977 1616 recenti
1184 1557 1224 1618 15

99 1661 145 1722 Et
168 1656 308 1720 natalitia
332 1658 456 1718 tandem
479 1676 551 1716 cum
574 1654 774 1733 sardonyche
796 1655 887 1717 albus

100 1762 193 1823 Sede.
208 1760 319 1843 legens
342 1759 446 1833 celsa,
471 1755 593 1840 liquido
617 1777 713 1844 quom
735 1756 1025 1842 plasmateguttua

176 1978 201 2025 1.
222 2004 254 2014 -
264 1977 436 2027 Neemihil'.
457 1984 479 2022 et
496 1977 546 2022 Tr.
564 1977 664 2021 TESM.
678 2000 712 2012 -·-
724 1974 776 2021 else
794 1974 857 2021 milii
867 1975 896 2022 P.
912 1997 945 2013 -
959 1992 1005 2022 nee
1019 1977 1065 2025 Tr.
1076 1980 1108 2024 tt.
1138 1980 1175 2025 lb.
1193 2006 1226 2018 -

95 2049 244 2110 ,solidamus
263 2050 384 2093 Tuvsnt.
400 2046 597 2107 -pollidamns
615 2046 645 2091 Α.
683 2046 720 2090 th.
734 2066 768 2078 -
782 2045 896 2091 Troades
915 2047 946 2091 Τ.
981 2047 1009 2092 ,5.
1028 2070 1061 2082 -
1074 2063 1135 2093 num
1149 2051 1177 2095 si
1193 2053 1224 2097 h.

101 2119 128 2168 b.
148 2117 312 2178 examenque]
333 2119 364 2163 Τ.
379 2129 560 2162 -arcarnenne
577 2116 698 2159 RVSAM.
719 2138 751 2148 —
772 2129 881 2159 examen
899 2130 928 2160 ne
946 2115 976 2160 E.
1013 2114 1039 2165 1.
1059 2132 1135 2162 —ne
1154 2125 1176 2163 te
1194 2121 1225 2168 ll.

96 2191 139 2234 ab.
160 2213 193 2222 -
210 2187 352 2248 quaesieris
366 2187 422 2231 ΑΜ.
461 2184 485 2230 8.
499 2184 591 2229 Romae
606 2184 709 2242 estquis
721 2185 775 2229 TV.
790 2209 823 2218 -
836 2183 1225 2243 ahsi]A.(rw.)-atei'1'll.

99 2273 176 2302 ...ac
188 2259 218 2301 si
235 2257 333 2301 VESM.
355 2254 378 2303 9.
397 2276 431 2288 -
446 2253 512 2298 Tam
530 2256 566 2298 M.
586 2275 620 2288 υ-
635 2252 709 2298 Nune
727 2255 757 2301 V.
777 2253 813 2302 lb.
834 2255 1000 2298 -canitiem
1013 2261 1132 2300 nostrum
1145 2259 1177 2302 V.
1192 2280 1227 2296 -

98 2329 221 2371 canitiem
239 2331 399 2383 nostramque
416 2325 446 2367 li.
486 2320 527 2368 10.
548 2347 581 2356 -
600 2328 624 2365 et
640 2336 698 2366 naec.
716 2325 747 2368 t.
785 2323 822 2366 lb.
842 2342 872 2358 -·
891 2323 1051 2383 quodcunque
1070 2326 1098 2373 F.
1137 2325 1178 2374 15.
1192 2347 1222 2364 .-

96 2394 148 2441 .hoe
162 2409 221 2454 prm.
241 2396 279 2440 ta.
318 2391 358 2438 16.
380 2418 412 2427 -
431 2391 565 2437 sardonice
584 2391 707 2436 TVEAM.
748 2388 789 2436 17.
809 2393 898 2452 legens
915 2393 1006 2438 babent
1021 2408 1107 2439 ornnes
1126 2396 1184 2439 mei.

96 2505 252 2518 ..ἡ

168 2571 298 2619 stultat.
319 2572 340 2615 l.
383 2569 407 2615 l.
428 2569 584 2630 Polydamas
602 2584 624 2614 r.
681 2566 705 2612 6.
725 2577 860 2613 examenae
878 2583 903 2613 r.
959 2567 983 2613 8.
1003 2567 1095 2615 Romae
1113 2578 1151 2617 est
1170 2573 1227 2633 quis

99 2641 169 2686 nan?
187 2655 213 2697 p.
232 2641 269 2686 lb.
290 2641 357 2684 atsi
376 2641 419 2696 pP.
466 2637 689 2690 10.0tnne.1·t;².
728 2635 772 2681 ta.
792 2635 1085 2694 spissamentum.
1125 2630 1166 2686 1'3.
1186 2643 1225 2686 in·

100 2712 190 2754 clusus
206 2723 324 2754 nurneros
342 2710 385 2753 ille
404 2723 427 2764 p.
448 2729 482 2742 -
494 2709 588 2753 inclusi
606 2719 723 2752 numeros
745 2707 786 2751 tut
805 2706 912 2752 Gronov.
933 2706 963 2752 P.
986 2707 1028 2754 to.
1047 2707 1223 2770 sardonyche,

98 2779 175 2824 albas
193 2794 216 2824 c.
270 2777 311 2825 17.
331 2780 403 2839 leges
419 2778 486 2825 Pub.
508 2776 612 2822 Casanb.
631 2791 653 2821 r.

173 2938 198 2984 l.
218 2939 367 3000 Labeonem]
390 2941 471 2986 Labeo
484 2941 605 2985 transtulit
618 2941 693 2985 iliada
706 2945 730 2984 et
746 2939 880 2994 Odyssearn
894 2941 994 2985 verbnm
1006 2955 1036 2987 ex
1056 2944 1145 2990 verbo:
1166 2947 1224 2991 ridi-

97 3011 153 3054 cule
175 3012 250 3064 satis,
271 3012 332 3069 qnod
351 3010 423 3055 rerba
442 3010 605 3067 potiusquam
626 3023 722 3054 sensnm
739 3015 836 3054 secutus
855 3011 895 3058 sit.
932 3011 992 3055 Eius
1012 3016 1048 3056 est
1063 3013 1103 3058 ille
1122 3028 1225 3060 versus:

100 3075 210 3123 Crudum
236 3079 373 3124 rnanduees
400 3078 528 3123 Priamum
553 3079 698 3137 Priamique
723 3077 850 3135 pisinnos.
907 3076 931 3124 5.
956 3085 983 3124 et
1008 3078 1032 3125 6.
1052 3079 1170 3128 Examen
1188 3089 1225 3130 est

101 3149 182 3207 lingua
199 3147 326 3209 (tinguant
345 3147 404 3202 On.)
423 3150 460 3192 vel
475 3149 579 3206 lignum,
599 3150 661 3206 quod
678 3149 780 3192 mediam
798 3149 890 3191 hastam
907 3150 935 3191 ad
950 3151 1055 3204 pondera
1074 3153 1226 3211 adaequanda

99 3222 174 3262 tenet.
219 3215 353 3277 Castigare
371 3221 450 3260 autern
467 3222 505 3260 est
525 3218 598 3275 digito
618 3218 705 3260 libram
732 3222 874 3272 percutere,
900 3223 925 3261 ut
949 3222 1095 3273 temperetur
1119 3228 1143 3266 et
1168 3237 1224 3279 prae
1293 3248 1305 3254 -

100 3287 230 3345 agitatione
254 3292 309 3341 post
335 3299 436 3343 aequum
459 3287 621 3342 conquiescat.
671 3286 780 3330 Trutina
798 3283 856 3330 ve'ro
875 3286 1056 3344 caticumina,
1077 3293 1139 3334 intra
1162 3293 1224 3349 qnod

101 3359 139 3411 est
156 3356 260 3413 lingula,
281 3357 308 3399 de
328 3369 373 3412 qna
391 3355 535 3398 exatninalio
553 3360 598 3400 est.
656 3353 680 3399 9.
700 3353 821 3400 Nostrum
840 3355 909 3399 istud
932 3357 1011 3400 virere
1030 3358 1114 3416 triste]
1133 3361 1223 3418 Figura

101 3424 195 3468 Graeca
219 3429 271 3478 est,
303 3438 347 3479 pro
373 3429 499 3477 „nostram
519 3424 592 3467 vitam
621 3424 741 3470 tristem.”
796 3423 836 3468 11.
864 3423 941 3484 Quom
971 3425 1085 3482 sapimus
1102 3427 1220 3488 patrnos]

100 3493 140 3536 ste
164 3493 268 3540 Cicero:
300 3494 358 3551 (pro
382 3490 449 3539 Cael.
475 3507 497 3540 c.
521 3490 576 3547 tt.)
605 3490 755 3552 obiurgavit
775 3490 902 3547 Caelium,
935 3498 961 3536 ut
979 3494 1079 3551 puidam
1094 3502 1222 3553 patruus,

100 3574 201 3609 censor.
268 3560 309 3606 12.
341 3558 478 3618 Cachinna]
510 3575 597 3605 nornen
623 3567 660 3605 est
688 3567 712 3605 et
736 3562 869 3606 declinatur
890 3575 933 3616 per
956 3576 1038 3607 omnes
1064 3577 1152 3610 casus:
1185 3565 1223 3610 hie

100 3631 234 3686 caehinno,
254 3632 324 3674 huius
339 3630 503 3674 eschinuonis.
553 3630 687 3674 Cachinnns
708 3635 745 3674 est
763 3644 816 3674 cnm
837 3644 896 3674 voce
914 3632 979 3674 risus
1004 3633 1134 3695 lascivior,
1154 3647 1224 3691 quem

99 3699 186 3744 Graeci
205 3696 437 3765 „poroyilora”
462 3698 509 3756 (sic
528 3700 596 3744 Reiz.
619 3722 647 3734 -
667 3698 889 3768 μονογέροντας
912 3697 991 3756 Pith.)
1010 3702 1100 3745 dieunt.
1137 3703 1169 3747 Et
1183 3717 1224 3747 ss-

99 3770 201 3813 cundum
231 3770 342 3824 physicos
371 3768 451 3820 dixit,
482 3767 521 3824 qui
549 3770 645 3812 tradunt
672 3769 780 3812 homines
813 3771 895 3824 splene
922 3770 1019 3824 ridere,
1050 3770 1106 3814 felle
1131 3773 1223 3827 irasci,

97 3839 180 3882 iecore
208 3851 307 3892 amare,
337 3838 409 3880 corde
433 3850 534 3891 sapere,
560 3839 670 3891 polluens
700 3837 793 3880 iactari.
860 3835 901 3880 11.
927 3835 1033 3881 Animas
1054 3839 1225 3901 praelargus]

97 3906 217 3960 ..antima
242 3907 403 3964 praelargus”
431 3906 487 3948 dicit
513 3911 583 3950 vento
614 3905 745 3949 abundans.
802 3903 841 3950 16.
863 3906 1012 3964 Ambiguitas
1040 3909 1063 3951 iu
1084 3906 1225 3956 raatnls'tia.¹

98 3981 180 4020 utrum
207 3988 260 4019 earn
289 3975 360 4018 natali
388 3987 433 4018 sno
462 3976 556 4019 innneri
582 3975 719 4028 acceperit,
757 3987 787 4016 an
806 3979 897 4019 tantum
917 3989 945 4019 eo
968 3978 1004 4022 die
1022 3989 1108 4035 gerere
1130 3983 1222 4025 soleat:

96 4046 153 4102 qnia
176 4046 272 4102 qnidam
293 4044 381 4088 liabent
401 4045 501 4096 anulos,
533 4056 592 4100 qnos
617 4043 656 4086 die
677 4047 768 4086 tautum
792 4045 866 4087 natali
885 4051 980 4101 gerunt.
1027 4046 1059 4089 Et
1076 4047 1164 4103 albus,
1185 4055 1226 4092 ant

94 4113 182 4157 festiva
201 4118 268 4158 reste
287 4114 402 4166 indutus,
431 4117 471 4157 ant
492 4112 609 4157 recitandi
638 4124 726 4165 pavore
749 4123 776 4153 ac
797 4113 927 4156 meditandi
952 4119 975 4158 et
1004 4115 1123 4161 scribendi
1146 4118 1224 4161 taedio

95 4183 252 4238 periunctns3
271 4183 307 4226 val
332 4186 399 4226 reste
423 4182 538 4235 eandida,
560 4182 662 4225 nondum
677 4189 823 4236 paurpureum
843 4182 1140 4238 adsptnsaestimentom,
1161 4186 1224 4242 quod

98 4250 242 4296 laticlauium
261 4252 355 4296 dieitur.

144 4330 233 4386 Eelogac
248 4332 304 4374 teet.
319 4331 363 4372 bat·
