2782 4762
126 216 190 283 388

212 375 365 440 Salmacis
386 374 419 438 in
440 377 586 459 lymphas
608 394 765 439 conversa
788 386 854 452 est,
879 373 1008 440 mollior
1029 374 1113 441 illia:

300 481 445 561 Repente
467 480 603 561 Daphne
627 477 804 562 germinat,
1070 493 1073 498 ·

385 580 494 666 Virgo
518 581 602 645 viret
624 580 730 645 loliis:

214 722 286 788 Vix
306 733 410 786 tameo
432 733 463 785 et
485 721 564 785 rami
586 721 729 784 manibus
752 719 870 784 distare
894 719 1056 785 videntur.

299 827 441 902 Pedem,
466 845 592 900 comas,
614 837 651 888 ut
671 823 808 900 femina,

384 928 555 1009 Quaelibet
576 928 806 992 arborhahet.

215 1068 302 1154 Quid
324 1068 400 1133 mihi
421 1068 612 1153 contigerit,
636 1089 733 1132 narro
755 1067 951 1134 lacrimabile
973 1070 1100 1136 rideusa

298 1173 337 1236 In
360 1172 541 1254 profluente
563 1171 685 1254 perdidi

384 1275 504 1340 Nobile
527 1297 639 1339 miluus
663 1296 756 1360 aqua.

217 1418 345 1480 Stabam
369 1414 514 1500 contigui
536 1417 728 1499 Nymphaeo
750 1437 852 1499 nuper
875 1416 905 1480 in
928 1417 1041 1492 horti,

303 1518 368 1584 Ubi
390 1519 486 1581 trium
508 1518 581 1582 fons
606 1518 755 1604 anguium

384 1624 512 1706 Lapsus
535 1623 574 1685 ab
598 1643 655 1686 ore
678 1622 759 1698 coit;

131 1748 134 1755 ¹
216 1768 320 1852 Inque
342 1777 396 1828 tua
418 1767 564 1846 aptabam
587 1784 738 1827 urraneros
761 1762 950 1845 praeconia,
976 1765 1128 1842 Memmi,

301 1866 426 1934 Etiam
450 1888 569 1931 sonora
592 1887 761 1948 coeperam

383 1970 455 2035 Fila
478 1969 575 2033 ferire
599 1989 712 2031 manu:

219 2094 326 2174 Quom
349 2093 419 2174 lyra
441 2091 550 2156 nescio
574 2111 639 2176 quo
662 2113 737 2154 casu
759 2091 890 2155 defluxit
911 2091 943 2155 in
965 2094 1079 2156 undas.

303 2194 356 2259 Sic
378 2207 443 2258 tres
466 2197 610 2280 duaeque
632 2206 663 2257 et
686 2206 858 2277 quattuor,

389 2297 442 2361 Sic
465 2298 598 2363 voluere
620 2319 756 2361 novem:

220 2419 433 2503 Calliopeque
455 2421 624 2502 Eratoque
647 2419 826 2504 Thaliaque
848 2420 1122 2505 Melpomeuequc

305 2520 447 2605 Clioque
471 2533 503 2583 et
524 2522 669 2603 Euterpe
693 2533 725 2584 et
739 2523 842 2603 Poly-

391 2623 518 2705 hymnia
540 2636 571 2688 et
592 2624 725 2689 Uranie.

136 2793 138 2795 .
220 2746 329 2813 Solam
353 2745 615 2828 Terpsichoren,
640 2748 727 2831 quod
750 2746 790 2810 sit
811 2746 1021 2827 citharistria,
1046 2747 1109 2812 vidi

304 2849 451 2914 Flentem
474 2870 624 2913 sororum
648 2848 742 2912 derio

388 2950 569 3015 Absiluisse
591 2951 707 3014 choro.

222 3073 446 3159 Nequidquam
469 3073 649 3136 exclamans
671 3084 888 3160 porrectaque
910 3075 1037 3138 brachia
1062 3079 1195 3141 tendens

306 3175 461 3241 Couabar
484 3188 651 3259 exceptam
676 3180 757 3241 vado
828 3247 832 3250 ,

392 3281 543 3354 Tollere3
567 3281 655 3362 lapsa
679 3291 777 3344 natat.

224 3403 443 3487 Terpsichore
467 3401 604 3465 insiliens
626 3383 843 3488 citharamque
866 3404 1013 3499 amplexa
1035 3423 1150 3467 sereno
1221 3407 1269 3468 lu

303 3504 438 3570 Afflavit
461 3507 528 3569 oris
552 3505 669 3585 basina¹
857 3583 885 3593 ,.

387 3607 497 3684 „Vive
520 3607 660 3673 bicornis
672 3609 704 3688 ,''
728 3609 783 3674 ait.

220 3729 371 3815 Prodigii
394 3728 535 3811 species!
558 3730 715 3795 animatur
736 3732 830 3795 sutile
854 3732 985 3818 lignum.
1030 3755 1034 3759 ·

307 3833 346 3896 In
369 3834 509 3896 membra
531 3832 622 3896 nervi
644 3843 827 3910 trauseuul;
931 3877 933 3881 ,

392 3937 437 3999 Et
457 3936 579 3999 cithara
600 3937 637 4000 lit
659 3938 744 4002 olor.
1224 3948 1271 4012 115

222 4061 325 4141 Quam
349 4057 430 4133 cita,
459 4069 528 4132 tam·
546 4058 647 4122 facilia
671 4059 731 4122 ruit
753 4061 832 4123 baec
856 4061 1002 4127 mutatio.
1046 4064 1177 4127 Venter
1267 4100 1269 4103 ·

311 4159 488 4226 Plurueacit
511 4172 542 4223 et
565 4161 714 4241 Carystio

395 4266 480 4328 Saxa
501 4266 613 4351 colore
635 4265 756 4344 refert,
