2782 4762
127 223 168 286 01

126 381 297 446 Emerscre
317 376 380 440 feri
403 372 586 438 candentis
610 370 738 456 gurgite
762 371 867 433 vultus

125 486 321 568 Aequoreae
346 489 521 542 monstrum
545 475 704 539 Nereides
728 473 936 537 admirantes:

126 587 249 671 illaque
271 586 418 668 haudque
443 580 503 643 alia
526 579 675 642 viderunt
699 579 769 641 luce
790 577 927 639 marinas

127 687 289 753 Mortales
313 685 401 750 oculi
422 686 540 747 nudato
562 702 705 763 corpore
726 683 895 763 Nymphas

126 789 297 855 Nutricum
321 800 412 850 tenus
436 783 589 850 exstantis
613 806 629 847 e
654 783 783 868 gurgite
806 805 900 846 cano.

127 897 156 957 Τ
160 916 210 955 um
232 889 381 955 Thetidis
402 888 518 953 Peleus
540 886 687 950 incensus
709 886 813 948 fertur
832 906 959 960 amore,

126 999 210 1060 Tum
232 992 346 1059 Thetis
368 995 522 1054 humanos
547 1012 612 1054 non
635 988 781 1071 despexit
801 990 1013 1068 hymenaeos,

126 1103 210 1163 Tum
233 1094 367 1160 Thetidi
388 1106 480 1177 pater
502 1092 570 1175 ipse
591 1090 764 1175 iugandum
786 1091 883 1155 Pelea
904 1091 1013 1154 sensit.

107 1189 157 1266 Ὀ
181 1199 272 1262 nimis
293 1208 406 1281 optato
430 1197 590 1260 seclorum
613 1206 759 1275 tempore
783 1193 848 1256 uati

125 1306 275 1378 Herode,
298 1301 435 1375 salvete,
460 1302 552 1362 dcdm
577 1319 697 1380 genus,
722 1319 741 1361 ο
765 1299 851 1360 bona
871 1308 1005 1359 matrum

127 1404 327 1490 Progenies,
351 1403 470 1465 salvete
492 1400 608 1465 iterum
633 1443 1000 1463 ...........

127 1511 200 1573 Vos
224 1529 286 1591 ego
312 1527 405 1587 saepe
429 1526 500 1568 meo
523 1525 584 1567 vos
605 1501 744 1565 carmine
767 1502 985 1583 compellabo.

130 1614 243 1695 Teque
263 1611 361 1684 adeo,
385 1605 500 1671 eximie
523 1605 624 1669 taedis
643 1604 793 1669 felicibus
816 1617 925 1681 aucte,

132 1711 318 1778 Thessaliae
342 1711 489 1774 columen
508 1709 624 1784 Peleu,
648 1706 728 1793 quoi
749 1708 895 1791 luppiter
920 1707 1006 1790 ipse,

126 1813 203 1894 Ipse
225 1832 299 1874 suos
321 1808 431 1872 divdm
453 1807 581 1893 genitor
608 1805 767 1870 concessit
792 1828 933 1883 amores,

129 1919 219 1978 Tene
241 1911 354 1977 Thetis
374 1911 474 1975 tenuit
495 1908 714 1993 pulcherrima
732 1909 941 1991 Neptuniae?

129 2019 219 2080 Tene
242 2037 329 2078 suam
353 2015 476 2092 Tethys
494 2012 653 2076 concessit
674 2016 791 2074 ducere
812 2023 937 2094 neptem

128 2120 357 2203 Oceanusque,
382 2115 463 2178 mari
484 2126 585 2178 totum
606 2113 661 2200 qui
683 2114 886 2197 amplectitur
910 2115 1046 2179 orbem?

130 2222 221 2303 Quae
244 2218 337 2282 simul
358 2229 487 2301 optatae
506 2216 598 2280 finito
622 2227 768 2298 tempore
791 2217 877 2279 luces

130 2324 321 2397 Advenere,
345 2324 474 2385 domurn
498 2331 658 2383 conventu
681 2329 750 2382 tota
773 2319 957 2405 frequentat

133 2423 319 2500 Thessalia,
344 2423 496 2507 oppletur
518 2420 647 2485 laetanti
670 2421 762 2506 regia
785 2434 893 2486 coetu.

186 2633 228 2680 11.
249 2637 326 2692 Quum
338 2629 397 2690 seri
412 2634 495 2677 vultus
512 2647 588 2690 neque
609 2646 652 2688 pcr
671 2635 861 2690 appositionem,
880 2650 956 2694 neque
975 2651 1030 2681 casu
1043 2640 1147 2682 seeundo
1162 2640 1192 2682 ad
1205 2637 1253 2684 Ne·

130 2707 210 2751 reides
229 2706 287 2749 satis
310 2710 364 2759 apte
389 2704 451 2746 trahi
476 2703 567 2758 possit,
597 2704 683 2760 quippe
708 2718 767 2761 quae
793 2705 914 2761 placidae
941 2708 1020 2761 potius
1044 2708 1093 2752 sint
1121 2708 1253 2753 Claudiano

130 2777 228 2833 Gigant.
242 2771 300 2819 120.
317 2767 530 2833 καλυκώπιδες,
548 2771 789 2841 χαροπαίγμονες
807 2773 904 2830 Orpheo
918 2777 948 2822 Η.
961 2775 1009 2831 21,
1027 2775 1063 2833 1.,
1080 2784 1188 2833 praestat
1200 2793 1253 2823 cum

130 2848 220 2890 Vossio
237 2851 261 2890 et
279 2845 385 2888 Huschk.
402 2843 448 2897 Ep.
471 2844 525 2886 crit.
543 2857 567 2898 p.
589 2841 630 2888 98.
648 2847 762 2902 iungere:
783 2851 922 2889 inonstrum
934 2844 993 2906 seri
1012 2844 1102 2895 aalide.
1129 2849 1211 2893 Astius
1224 2850 1253 2892 de

130 2917 229 2961 Mitsch.
248 2920 271 2959 et
285 2914 369 2967 lleyuii
389 2914 527 2957 coniectura
544 2919 567 2955 et
584 2913 687 2956 inseruit
704 2919 758 2968 post
774 2913 926 2974 Aequoreos.
949 2917 1055 2974 (Censor
1072 2918 1140 2973 Lips.
1157 2919 1253 2974 apposi-

130 2988 220 3031 tionem
239 2985 361 3044 agnoscit:
392 2981 529 3036 Nereides,
550 2978 609 3040 sari
626 2985 721 3039 vaalius,
741 2981 845 3040 δεινοί,
872 2982 1040 3042 schreciend,
1060 2989 1100 3032 als
1118 2989 1160 3032 uie
1179 3001 1254 3032 :uvor

130 3053 249 3117 garehsn.
288 3053 397 3098 Nondum
424 3052 468 3095 hoc
492 3052 549 3095 mihi
572 3055 710 3107 persuasit,
742 3060 839 3109 propter
862 3058 970 3101 rationes
1001 3060 1095 3103 allatas.
1133 3058 1255 3103 Weberus

131 3127 232 3182 denique
251 3137 289 3167 vr.
299 3119 357 3181 seri
374 3122 455 3166 aralius
474 3119 612 3180 [nominat]
632 3125 717 3178 accipit
734 3125 761 3168 de
781 3125 939 3180 Tritonibus,
960 3127 1128 3184 llippocampis
1142 3133 1187 3173 cet.
1210 3129 1252 3185 Sq.

130 3209 226 3240 versum
243 3208 286 3249 per
304 3185 467 3240 ἀσύνδετον
482 3193 598 3246 exponit.)
638 3191 679 3237 16.
699 3194 781 3237 Vossii
799 3197 861 3238 roni.
883 3218 914 3228 -
934 3197 1026 3255 illaque
1039 3204 1111 3257 atque
1124 3198 1177 3241 alia
1189 3199 1253 3242 Mss.

131 3267 201 3310 ntdd.
231 3286 259 3295 -
286 3263 374 3321 siqua
392 3261 559 3305 aliaLaclnn.
575 3275 640 3316 susp.
693 3261 733 3308 18.
755 3264 789 3306 lta
809 3264 885 3309 Codd.
905 3265 959 3310 Atd.
983 3268 1025 3322 1.,
1051 3270 1092 3313 sed
1119 3268 1255 3312 asnhlicam

132 3336 208 3380 Codd.
222 3335 315 3390 aliquot
328 3332 407 3375 Vatis.
426 3333 488 3388 quod
506 3337 603 3386 praeter
619 3332 745 3376 Reatinum
764 3333 868 3378 defendit
885 3335 933 3379 l'ea
945 3338 972 3379 ad
984 3337 1069 3382 Horat.
1081 3339 1111 3383 T.
1121 3335 1145 3382 2.
1158 3352 1182 3394 p.
1194 3335 1253 3382 171.

131 3407 202 3450 Rom.
222 3404 276 3447 Iam
291 3416 395 3445 crorum
410 3401 465 3445 ΑΜ.
478 3399 502 3444 2.
516 3402 576 3445 (lod.
590 3404 653 3446 Scal.
667 3402 719 3446 Cir.
732 3402 803 3447 ovid.
813 3405 872 3448 Met.
886 3403 915 3456 5,
931 3403 990 3450 413.
1035 3405 1077 3452 21.
1093 3413 1184 3465 pater,
1206 3408 1255 3452 Ne·

131 3489 204 3533 reus3
225 3474 266 3518 atii
283 3473 364 3516 lovem
379 3473 528 3529 intelligunt,
549 3473 591 3515 sed
605 3473 649 3515 etr.
661 3486 683 3516 v.
697 3469 738 3517 27.
783 3473 819 3517 lh.
840 3477 929 3519 sanxit
947 3476 1008 3520 Mss.
1026 3478 1084 3536 aliq.
1102 3492 1132 3524 ex
1150 3478 1254 3521 Pontaui

132 3547 244 3602 interpol.
260 3544 325 3586 Mur.
339 3544 414 3586 Voss.
452 3539 493 3584 23.
514 3541 553 3584 Sic
575 3542 691 3586 edendum
712 3541 837 3586 videbatur
863 3560 915 3588 cum
936 3547 1033 3604 antiquo
1057 3548 1156 3606 Virgilii
1179 3548 1255 3592 inter-

133 3622 199 3672 prete
219 3616 247 3658 ad
263 3614 324 3657 Aen.
339 3610 369 3665 5,
386 3608 427 3655 80.
444 3611 490 3654 Ed.
503 3612 561 3654 Maii
576 3625 599 3666 p.
613 3609 654 3655 13.
674 3612 712 3668 qui
730 3613 765 3656 sic
779 3610 866 3658 habet:¹
886 3616 978 3659 salvete
994 3612 1066 3661 desim
1079 3631 1144 3676 gens
1160 3631 1174 3661 o
1190 3616 1255 3661 bona

131 3691 241 3730 inutram
255 3682 396 3740 Progenies
414 3681 506 3724 salvete
525 3681 616 3725 iterum
622 3693 633 3734 ;
653 3684 713 3725 unde
727 3682 835 3726 Oriolius
851 3684 922 3730 fecit:
943 3683 1039 3730 Heroi's
1051 3689 1158 3742 salvete,
1172 3684 1254 3731 Dedin

132 3769 229 3814 genas,
254 3766 269 3796 o
289 3752 352 3795 bona
368 3755 476 3793 matrum
492 3750 631 3810 Progenies
650 3752 741 3795 salvete
760 3753 865 3808 iterum,
892 3755 984 3799 salvete
1001 3750 1083 3800 Deam
1100 3771 1181 3817 gens,
1205 3756 1254 3801 Vos

132 3839 179 3885 ego
193 3829 239 3869 cet.
272 3821 325 3865 Non
343 3822 421 3875 placet
435 3816 507 3864 desim
519 3833 593 3880 gens.
613 3818 726 3883 illatrant
741 3824 833 3878 explica
847 3822 1021 3869 heroiharam.
1048 3828 1143 3885 Vulgo:
1164 3826 1255 3871 obona

132 3901 229 3940 mater:
260 3889 309 3935 isos
329 3903 376 3949 ego
395 3894 457 3944 ceh,
489 3904 559 3947 quam
587 3896 693 3933 inatrem
717 3894 827 3936 Muretus
851 3895 932 3953 Argo,
962 3896 1063 3951 Vulpius
1087 3898 1253 3951 Thessaliam,

131 3960 336 4008 Mitscherlirhius
355 3960 482 4004 Thetidern
500 3962 680 4014 interpretatur.
710 3961 822 4006 Ceterum
839 3965 884 4008 cfr.
896 3965 1032 4011 Philodern.
1045 3968 1073 4012 de
1085 3967 1180 4011 Musica
1189 3968 1219 4011 Ι..
1228 3964 1253 4012 l.

132 4036 179 4078 cot.
198 4030 223 4078 5.
238 4045 261 4086 p.
275 4028 316 4075 37.
333 4031 463 4074 ed.tttu1·r.
483 4025 515 4078 ἐν
533 4032 597 4090 τοῖς
614 4023 769 4094 ὑμεναίοις
786 4031 837 4082 καὶ
852 4031 982 4103 βραχεῖά
1000 4049 1043 4098 τις
1061 4029 1180 4107 ἀπαρχὴ
1199 4034 1257 4086 τοῦ

132 4103 237 4169 γένους
255 4097 378 4165 ἐγίνετο.
425 4097 466 4144 26.
494 4100 605 4143 exiiniae
626 4100 696 4144 Aldd.
746 4099 788 4147 27.
817 4103 962 4149 Aemathiae
979 4107 1040 4154 Stat.
1060 4107 1133 4166 Giug.
1151 4107 1255 4165 eleganti

132 4172 328 4229 interpolatione.
367 4167 410 4214 28.
431 4169 484 4214 cfr.
503 4169 574 4214 Pind.
590 4170 674 4214 lsthm.
690 4168 719 4224 8,
735 4168 777 4217 60.
825 4172 868 4221 20.
889 4176 929 4219 Sic
943 4174 1038 4222 Nerine
1055 4175 1164 4222 Galatea
1182 4179 1252 4235 Virg.

132 4244 185 4289 ltct.
202 4241 231 4299 7,
252 4238 295 4288 37.
351 4236 393 4284 31.
419 4240 448 4288 n.
466 4232 496 4300 ξ,
517 4236 577 4284 201.
605 4232 746 4290 Ὠκεανόν
770 4255 801 4291 τε
824 4239 901 4294 tadi
925 4244 1041 4309 γένεσιν
1058 4246 1110 4296 καὶ
1137 4245 1254 4315 μητέρα

133 4307 243 4378 Tphdv.
290 4309 327 4355 lb.
348 4307 512 4369 Oceanusque
523 4315 597 4369 pater
606 4311 667 4357 Mss.
679 4311 737 4370 aliq.
751 4311 820 4360 stad.
860 4311 901 4361 33.
923 4314 953 4362 Ut
968 4330 1057 4362 seuere
1073 4317 1148 4366 Codd.
1159 4317 1253 4364 Vossii.
