2782 4762
177 170 238 231 170

177 329 229 390 Tu
250 340 343 410 potes
364 328 493 391 insanae
515 329 653 392 Veneris
677 349 881 412 compescere
903 332 1005 394 lastus

238 430 462 517 Curarumque
483 442 540 496 tuo
563 432 598 493 fit
622 432 773 496 medicina
796 455 897 498 mero.

174 534 241 596 Per
263 543 295 596 te
316 533 510 618 iunguntur,
533 555 593 614 per
615 547 646 598 te
668 535 838 598 solvuntur
861 547 1021 599 amantes:

238 638 290 698 Tu
312 636 422 698 vitium
446 657 486 698 cx
510 635 613 699 animo
636 637 742 712 dilue,
767 639 914 714 Bacche,
941 660 1024 702 meo.

174 739 223 800 Te
246 758 374 822 quoque
396 736 476 799 enim
500 758 656 801 nonesse
677 742 786 803 rudem
810 751 943 803 testatur
964 740 996 802 in
1019 739 1114 802 astris

236 839 400 918 Lyncihus
423 842 462 900 ad
484 840 602 900 caelum
626 853 717 903 vecta
741 841 884 905 Ariadna
905 842 980 905 tuis.
1116 842 1118 845 ’

173 942 248 1006 Hoc
271 940 365 1015 mihi,
391 942 478 1024 quod
501 953 624 1004 veteres
647 944 785 1006 custodit
807 943 988 1008 inossibus
1011 945 1119 1028 ignes,

236 1043 363 1105 Funera
387 1044 542 1105 sanabunt
564 1054 617 1105 aut
639 1056 692 1107 tua
718 1045 789 1107 vina
813 1047 938 1109 malum.

173 1145 307 1228 Semper
329 1145 408 1207 enim
432 1166 552 1208 vacuos
576 1166 641 1208 nox
665 1146 773 1210 sobria
796 1158 926 1229 torquet
949 1160 1107 1225 amantes,
1134 1220 1141 1235 ⁶

236 1247 381 1331 Spesque
403 1247 563 1331 timorque
577 1234 720 1310 animum
744 1261 848 1311 versat
871 1261 1009 1334 utroque
1032 1255 1141 1315 modo.

173 1349 270 1429 Quod
291 1350 337 1426 si,
363 1351 506 1424 Bacche,
531 1350 593 1412 tuis
616 1373 675 1431 per
697 1351 822 1413 fervida
845 1354 990 1433 tempora
1013 1353 1104 1416 donis

234 1451 416 1514 Arcessitus
440 1451 499 1514 erit
522 1472 652 1515 somnus
676 1453 706 1514 in
731 1473 802 1515 ossa
817 1475 931 1516 mea:-

171 1553 247 1634 Ipse
269 1575 373 1616 seram
397 1552 476 1616 vites
498 1575 699 1637 pangamque
722 1577 763 1617 ex
781 1556 897 1618 ordine
920 1558 1036 1630 colles,
1068 1586 1073 1597 -·

235 1655 327 1735 Quos
350 1666 481 1736 carpant
502 1657 606 1730 nullae
630 1669 677 1717 mc
701 1656 852 1740 vigilante
875 1659 980 1722 serae:

170 1750 354 1821 Dummodo
377 1779 543 1842 purpureo
567 1770 712 1840 spument
735 1758 917 1822 mihidolia
940 1773 1044 1824 nuuto

233 1862 278 1922 Et
299 1881 383 1923 nova
406 1872 589 1940 pressantes
612 1860 754 1943 inquinet
778 1882 839 1922 riva
863 1865 975 1941 pedes.

171 1963 268 2041 Quod
290 1974 438 2042 superest
463 1961 563 2037 vitae,
589 1983 647 2042 per
670 1974 701 2023 te
724 1974 776 2024 tua
801 1983 937 2037 cornua,
965 1963 1069 2027 vivam

233 2063 437 2147 Virtutisque
460 2076 548 2139 tuae,
575 2066 720 2138 Bacche,
745 2068 844 2144 po'e‘ta
865 2064 966 2126 ferar.

167 2165 281 2229 Dicam
306 2187 368 2249 ego
393 2177 552 2228 maternos
575 2167 722 2228 Aetnaeo
744 2165 876 2228 fulmine
897 2179 1027 2249 partus,

232 2267 340 2329 Iudice
364 2267 498 2346 Nysaeis
521 2288 607 2329 arma
629 2268 737 2349 fugata
760 2269 893 2332 choris:

169 2370 396 2452 Vesanumque
419 2390 503 2431 nova
528 2370 737 2452 nequidquam
761 2370 793 2430 in
816 2371 880 2432 vite
903 2373 1110 2455 Lycurgum,

231 2472 397 2534 Pentheos
419 2469 452 2532 iu
476 2470 617 2553 triplices
639 2470 752 2533 lunera
776 2483 866 2555 grata
890 2476 1023 2556 greges,

172 2574 346 2657 Curvaque
370 2576 560 2653 Tyrrhenos
583 2573 762 2655 delphinum
787 2595 927 2656 corpora
949 2587 1060 2638 nautas
1244 2581 1285 2643 25

238 2794 263 2840 8.
283 2794 318 2840 cd
340 2797 416 2840 Codd.
440 2797 563 2849 meliores,
583 2796 683 2840 Lachm.
698 2816 731 2828 -
750 2797 776 2838 in
793 2798 875 2854 vulgo.
939 2793 979 2840 10.
999 2803 1043 2841 cut
1062 2797 1138 2841 Codd.
1161 2798 1190 2842 L.
1211 2822 1243 2831 -
1263 2804 1290 2843 ut
1314 2820 1317 2824 Α

167 2865 251 2911 uotae.
277 2886 306 2898 -
321 2868 359 2910 uel
375 2868 456 2924 vulgo.
476 2866 500 2919 1„
510 2866 633 2909 Porticnla
655 2869 699 2908 out
719 2878 819 2919 prorsus
838 2866 942 2908 excludit
963 2867 1083 2919 alterum,
1104 2867 1142 2910 cel
1159 2868 1289 2911 admittit.''

167 2935 267 2980 Lachnr.
286 2949 311 2990 p.
332 2933 407 2992 318.)
462 2933 503 2978 12.
525 2941 626 2992 utroque
644 2931 726 2990 modo]
745 2934 821 2978 Codd.
836 2935 893 2990 aliq.
915 2933 1030 2988 probante
1050 2935 1172 2979 Huschkio
1187 2938 1216 2980 ad
1229 2937 1286 2980 Tib.

169 3003 202 3058 1,
224 3001 254 3058 8,
276 3001 317 3048 64.
360 3007 408 3048 lac.
428 3003 477 3048 L2.
498 3028 530 3038 —
548 3010 649 3062 utroque
665 3016 746 3046 meum
765 3005 854 3061 Vulgo.
869 3024 903 3035 -
922 3003 1038 3061 utrinque
1057 3017 1138 3047 inerim
1151 3005 1211 3048 haud
1224 3007 1287 3049 male

168 3072 246 3119 Gran.
266 3072 401 3128 Pcrreius;
422 3075 468 3118 nisi
486 3075 548 3130 quod
568 3073 685 3117 sententia
709 3074 830 3130 generalis
849 3073 942 3116 videtur
960 3074 987 3116 de
1002 3073 1112 3116 orrruibus
1134 3075 1285 3127 ainantibus,

167 3155 214 3186 uon
228 3142 256 3186 de
270 3142 400 3196 Propertio
420 3145 482 3187 solo.
523 3141 563 3186 15.
585 3143 671 3186 enuclea
696 3143 780 3186 Burin.
806 3141 876 3197 primi
900 3141 964 3185 coni.
1004 3139 1044 3186 19.
1061 3154 1110 3198 per
1128 3148 1150 3184 tc
1168 3149 1211 3186 tua
1229 3156 1288 3186 eor·

166 3223 218 3254 nuu
236 3213 333 3269 egregie
352 3209 400 3255 L2.
421 3225 450 3256 ex
468 3212 539 3255 solita
557 3211 678 3265 formula,
704 3212 733 3254 de
753 3225 799 3268 qua
818 3211 855 3268 egi
874 3215 929 3265 post
947 3209 1103 3254 Gar-alonium
1122 3213 1150 3254 ad
1169 3210 1288 3255 Plancio·

166 3291 226 3323 nam
245 3279 274 3323 C.
296 3277 337 3327 42.
355 3294 403 3337 per
421 3294 463 3325 cos
475 3276 607 3339 fortunus,
617 3294 665 3338 per
678 3279 771 3323 liberos
789 3285 894 3340 oestron.
915 3281 994 3337 Vulgo
1012 3292 1086 3334 paene
1104 3280 1221 3325 ridicule:
1238 3294 1288 3337 per

166 3353 190 3394 le
208 3353 238 3392 et*
251 3354 294 3393 tun
311 3363 416 3394 cornua.
481 3347 522 3394 21.
542 3350 620 3392 olenti
632 3349 755 3412 flumine,
782 3352 898 3392 commate
917 3354 972 3402 post
989 3361 1086 3391 merum
1103 3350 1200 3403 posito,
1221 3350 1285 3392 Scal.

167 3419 231 3463 coni.
251 3420 322 3475 vulgo
335 3426 441 3474 recepta.
498 3417 540 3462 28.
557 3419 636 3475 potet]
660 3417 719 3461 Cod.
739 3417 815 3461 Gron.
842 3417 890 3460 lac.
909 3422 983 3462 recle.
1004 3431 1026 3461 v.
1048 3418 1158 3461 Huschke
1177 3419 1206 3460 ad
1228 3419 1284 3465 Tib.

167 3486 197 3542 2,
219 3484 249 3543 4,
269 3486 311 3532 38.
332 3494 356 3532 et
374 3487 404 3543 4,
425 3485 454 3542 4,
481 3486 523 3532 25.
546 3488 694 3540 '„Scribunt
714 3487 792 3530 Latini
815 3487 951 3540 promiscue
979 3500 1002 3530 v.
1033 3500 1055 3530 c.
1086 3485 1160 3530 turbu
1187 3487 1240 3531 ruit
1264 3493 1288 3531 et

166 3556 240 3602 turba
252 3563 337 3602 ruunt.
358 3558 411 3602 Nou
424 3556 533 3602 scribunt
542 3561 619 3600 ruunt
627 3555 701 3600 turba
712 3587 718 3608 ,
739 3557 780 3599 sed
789 3556 842 3599 rasit
853 3554 953 3598 turbe.”
967 3577 996 3586 -
1009 3560 1096 3610 potant
1108 3556 1195 3611 reliqui
1209 3556 1286 3600 Codd.

165 3627 256 3685 Vulgo.
272 3616 319 3671 L2.
340 3647 374 3660 -
390 3624 480 3671 Naxia
497 3625 570 3670 turba
584 3626 683 3669 offendit
701 3639 757 3668 sane
776 3629 831 3678 post
847 3622 942 3668 Naxon
949 3655 956 3676 ,
976 3624 1034 3667 nihil
1054 3630 1132 3669 tamen
1150 3624 1287 3668 iuvantibus

166 3696 251 3749 libris,
283 3710 386 3754 quorum
409 3696 500 3751 aliquot
526 3694 621 3747 noxia,
653 3707 713 3737 unrrs
740 3693 866 3736 maxima.
931 3689 973 3736 30.
997 3689 1167 3748 Bassaricas,
1199 3694 1286 3737 Bacchi

167 3765 252 3820 ipsius,
272 3767 311 3821 qui
331 3764 477 3809 Bassareua
491 3765 613 3808 dicebatur
632 3778 645 3806 a
664 3777 722 3807 voce
741 3762 847 3806 Thracia
864 3755 1005 3829 βασσάρα
1016 3792 1023 3814 ,
1044 3761 1135 3815 vulpes.
1173 3763 1286 3816 Ceterae,

166 3847 227 3889 quae
246 3833 270 3876 h.
296 3837 313 3878 Ι.
339 3839 505 3879 memorantur
528 3833 623 3876 fabulae
648 3832 778 3876 Bacchicae
803 3831 861 3875 satis
886 3835 941 3875 suut
963 3835 1048 3875 notae:
1075 3832 1104 3874 ad
1132 3844 1155 3875 r.
1177 3829 1220 3875 21.
1240 3832 1285 3875 cfr.

167 3901 238 3948 ovis.
254 3903 314 3947 Met.
339 3901 352 3947 3
361 3935 368 3963 ,
391 3901 452 3949 253.
471 3917 493 3946 v.
516 3900 558 3946 22.
576 3903 610 3945 ld.
625 3897 656 3955 4,
678 3898 719 3945 20.
737 3914 760 3944 v.
778 3896 819 3943 23.
838 3901 866 3942 de
884 3898 1024 3958 Lycurgo,
1044 3898 1155 3944 Edonum
1177 3914 1236 3959 rege
1255 3902 1285 3944 ll.

167 3971 196 4031 ζ,
219 3967 276 4014 138.
299 3973 386 4030 Hrgiu.
404 3973 423 4016 f.
442 3969 501 4016 132.
521 3973 549 4016 de
567 3967 674 4015 Pentheo
692 3970 777 4022 Eurip.
798 3969 884 4013 Bacch.
902 3965 979 4012 1023.
1005 3967 1077 4015 ovid.
1095 3967 1203 4022 Mel-⁸3,
1226 3965 1285 4013 515.

167 4041 196 4083 de
210 4040 288 4082 nautis
307 4039 452 4100 Tyrrhenis
467 4040 622 4085 Homericum
634 4040 715 4094 hymn.
727 4039 750 4083 io
763 4038 849 4081 Bacch.
865 4037 936 4082 ovid.
953 4037 1014 4081 Met.
1026 4034 1056 4091 3,
1079 4034 1137 4083 529.
1158 4039 1187 4082 de
1199 4039 1286 4082 Bacchi

167 4109 268 4152 adventu
286 4109 311 4152 in
326 4107 420 4155 Naxon
436 4111 525 4155 Catuli.
545 4109 651 4164 Epithal.
668 4109 697 4153 Ρ.
718 4112 741 4153 et
759 4107 830 4151 'rhet
849 4103 910 4151 252.
966 4102 1009 4150 33.
1031 4106 1108 4149 Codd.
1126 4119 1208 4151 onmes
1226 4106 1250 4150 h.
1268 4108 1285 4150 l.

167 4183 290 4236 tympana
309 4183 333 4222 et
349 4191 373 4223 v.
398 4175 440 4224 3⁶.
463 4179 590 4239 cymbula.
610 4179 694 4222 Burm.
714 4177 769 4221 Sec.
797 4181 821 4220 et
841 4176 940 4222 Lachm.
960 4176 984 4219 in
1009 4174 1055 4220 Ed.
1076 4188 1114 4230 pr.
1133 4181 1288 4231 transposue-

167 4252 224 4291 runt
242 4252 368 4306 utrumque
386 4261 439 4296 voc,
455 4247 528 4294 Recte
546 4248 659 4293 refutarit
677 4246 763 4292 lacobs
779 4242 862 4290 Blum.
881 4259 904 4300 p.
926 4242 986 4290 219.
1024 4244 1077 4289 cfr.
1098 4245 1170 4290 ctiam
1188 4245 1284 4290 Waltei.
