2782 4762
168 195 231 256 214

169 357 215 418 Et
237 352 299 416 sibi
320 352 381 415 iam
405 348 469 413 sori
492 347 588 410 vitam
612 346 796 431 ingemuere
817 346 972 410 relictam.
997 381 1037 391 —-

169 457 216 520 At
238 467 269 518 te
291 452 455 518 nocturnis
478 450 566 514 iuvat
587 449 807 532 impallescere
830 450 969 514 chartis:

171 557 291 624 Cultor
313 556 394 620 enim
416 555 566 617 iuvenum
588 563 742 636 purgatas
764 551 878 616 inseris
902 575 995 618 aures

169 660 282 742 Fruge
306 657 494 722 Cleanthea.
541 655 646 720 Petite
668 655 760 729 hine,
783 654 979 740 iuvenesque
1002 678 1176 742 senesque,

170 762 281 826 Finem
305 759 410 824 animo
434 771 555 822 certum
580 756 764 840 miserisque
787 757 902 821 viatica
926 759 1025 822 canis.
1051 796 1090 805 -
1253 761 1298 823 65

171 863 279 939 „Cras
295 864 360 925 hoc
374 861 464 924 liet.''
480 893 521 903 -
536 861 625 923 Idem
642 879 713 921 cras
729 859 794 922 liet.
814 896 854 906 -
869 908 883 934 „
894 861 1004 942 Quid?
1027 861 1116 945 quasi
1133 883 1297 947 magnum,

169 969 295 1047 Nempe
319 964 400 1027 diem
424 962 559 1026 donas.”
583 993 624 1003 -
648 962 711 1023 Sed
733 982 830 1045 quom
853 964 908 1024 lux
932 965 1028 1027 altera
1052 965 1160 1041 venit,

169 1071 239 1132 Iam
263 1088 333 1129 cras
355 1069 536 1129 hesternum
559 1063 824 1145 consumpsimus.
869 1067 957 1129 Ecce
979 1067 1155 1129 alluderes

170 1169 289 1254 Egerit
311 1171 369 1231 hos
393 1189 493 1231 annos
516 1179 547 1230 et
570 1187 696 1247 semper
717 1166 857 1247 paullum
881 1167 941 1230 erit
963 1170 1059 1231 ultre.

169 1274 253 1336 Nam
276 1268 421 1353 quamvis
444 1289 547 1350 prope
570 1280 619 1343 te,
645 1269 790 1352 quamvis
813 1280 940 1333 temone
962 1273 1022 1332 sub
1045 1276 1109 1334 uuo
1253 1273 1297 1333 70
1359 1321 1360 1324 ,

170 1375 360 1436 Vertentem
384 1393 453 1433 sese
474 1371 596 1433 frustra
618 1373 783 1432 sectabere
807 1373 972 1447 canthum,

171 1477 278 1556 Quom
301 1485 374 1536 rota
395 1470 564 1554 posterior
587 1493 697 1534 curras
721 1473 805 1534 etin
829 1495 889 1535 axe
911 1478 1063 1539 secundo.
1088 1507 1129 1518 -

168 1578 337 1640 Libertate
361 1596 442 1657 opus
466 1586 531 1649 est,
557 1595 620 1637 non
644 1576 721 1647 hae,
747 1597 826 1657 qua,
852 1589 885 1637 ut
908 1577 1043 1660 quisque
1066 1577 1183 1640 Velina

170 1679 306 1744 Publius
330 1676 481 1751 emeruit,
504 1676 682 1739 scabiosum
707 1677 857 1739 tesserula
880 1677 932 1739 far

169 1781 333 1845 Possidet.
376 1780 450 1841 Heu
473 1777 596 1841 steriles
619 1779 705 1854 veri,
731 1778 846 1861 quibus
870 1801 929 1841 una
955 1780 1110 1859 Quiritem
1252 1783 1295 1844 75

170 1883 311 1966 Vertigo
333 1880 429 1945 facit!
453 1881 516 1942 Hie
538 1881 641 1943 Darna
664 1892 710 1942 est
733 1902 796 1941 uon
820 1881 928 1943 tressis
951 1903 1072 1964 agaso,

170 1988 285 2066 vappa
307 1993 339 2046 et
360 1983 468 2064 lippus
490 1995 522 2044 et
543 1983 573 2044 in
596 1982 683 2044 tenui
704 1981 867 2066 farragine
890 1986 1045 2047 mendax:

171 2085 319 2148 Verterit
340 2086 424 2146 hunc
447 2084 610 2158 dominus,
636 2097 796 2148 momento
818 2084 953 2148 turbinis
975 2089 1040 2149 exit

170 2187 306 2249 Marcus
328 2187 443 2248 Dama.
466 2220 508 2229 -
530 2186 659 2266 Papae!
684 2218 725 2229 -
748 2189 867 2250 Marco
890 2193 1087 2270 spondente,
1112 2211 1244 2253 recusas

170 2286 315 2353 Credere
338 2298 373 2348 tu
395 2286 566 2350 nummos?
587 2323 629 2333 -
651 2289 769 2351 Marco
792 2291 851 2350 sub
874 2289 977 2352 iudice
998 2292 1111 2372 palles.
1253 2292 1298 2354 80

169 2391 305 2453 Marcus
328 2388 420 2450 dixit.
445 2424 486 2434 -
507 2389 556 2450 Ita
580 2402 641 2450 est.
665 2426 705 2437 -
730 2390 895 2473 Adsigna,
921 2395 1055 2467 Marce,
1081 2394 1227 2457 tabellas.
1251 2428 1295 2439 -

169 2493 261 2554 Haeo
283 2512 370 2554 mera
392 2489 539 2564 libertas;
562 2492 625 2553 hoo
647 2490 740 2554 nobis
763 2492 847 2572 pilea
872 2496 1004 2557 donant.

241 2710 282 2757 tl.
306 2734 332 2744 -
354 2713 406 2756 ium
425 2725 483 2755 sero
501 2711 531 2754 A.
552 2733 577 2742 -
598 2711 650 2753 inm
661 2708 725 2772 fleri
746 2712 776 2754 V.
816 2708 860 2754 ⁶3.
878 2711 962 2756 Nullus
978 2726 1101 2758 meorum:
1123 2728 1151 2757 ee
1165 2715 1294 2759 iuuenum.

172 2780 472 2828 ol.-c10enteasuu1.
499 2778 1090 2842 lb.—lrinepueripueR-launcpueriqueA.
1124 2781 1295 2842 67.·-quom

171 2853 196 2895 h.
210 2854 227 2896 l.
241 2853 272 2897 A.
305 2848 496 2909 69.-Egeru
506 2848 551 2893 boc
564 2850 595 2893 V.
623 2847 665 2894 70.
684 2874 715 2883 -
732 2863 925 2908 quamquem--
940 2865 1089 2910 quamquam
1099 2854 1152 2896 SM.
1175 2850 1296 2897 7l.can-

171 2919 251 2978 thum]
266 2920 318 2964 RE.
335 2940 369 2952 -
381 2925 482 2962 cantiam
495 2918 616 2962 'l'VSAM
650 2916 691 2962 72.
703 2917 780 2978 Quom
791 2919 815 2962 h.
829 2921 847 2962 l.
859 2920 888 2962 A.
922 2918 962 2967 73.
973 2923 1012 2964 Sic
1028 2921 1103 2965 Codd.
1116 2923 1174 2978 aliq.
1191 2922 1293 2978 Foquel.

174 3003 267 3034 -non
285 2988 346 3040 duc,
367 2994 393 3031 ut
413 2988 516 3046 quiaque
535 2987 658 3030 TVSEM.
679 3009 708 3018 -
728 3001 778 3031 non
792 2985 839 3030 leuc
861 3001 935 3046 quum
952 2990 1054 3048 quisque
1075 2991 1106 3035 R.
1126 3004 1249 3045 superser.
1269 2996 1297 3034 ret

171 3059 289 3102 vocabulo
308 3071 392 3116 qoem.
417 3080 445 3089 -
464 3069 514 3100 non
532 3053 579 3099 tac
601 3069 649 3113 qua
667 3057 770 3117 quisque
789 3057 818 3099 A.
857 3081 890 3090 -
908 3071 958 3102 non
976 3056 1022 3104 duc
1043 3074 1126 3119 quanm,
1147 3060 1296 3118 utquisque

171 3128 247 3171 cora.
265 3128 323 3182 aliq.
380 3123 420 3170 75.
448 3144 480 3157 -
505 3123 621 3168 Possedit
644 3126 675 3168 V.
730 3126 766 3168 lb.
797 3149 822 3160 -
849 3124 960 3186 Quirites
985 3129 1038 3172 SM.
1094 3127 1135 3173 lu.
1163 3150 1192 3160 -
1213 3133 1297 3171 estut

171 3201 205 3240 tr.
224 3196 256 3241 R.
286 3192 328 3240 77.
348 3217 380 3228 -
395 3192 577 3250 Vappulippue
595 3194 695 3239 RVSM.
735 3192 776 3241 78.
800 3217 826 3226 -
848 3193 906 3239 Aine
923 3198 952 3241 A.
974 3199 1010 3241 lb.
1030 3219 1064 3228 —
1082 3211 1155 3242 mom.
1172 3198 1295 3253 temporie

172 3264 268 3308 TREA.
289 3263 329 3317 (R.
355 3263 378 3306 in
397 3275 475 3320 rararg.
495 3262 626 3309 turbinis.)
657 3260 699 3306 bl.
719 3283 751 3297 ·-
764 3262 826 3307 dicit
844 3264 874 3308 A.
895 3267 931 3308 lb.
951 3286 984 3297 -
1004 3264 1119 3324 Obeigna
1136 3267 1164 3309 F.
1186 3263 1228 3310 82.
1247 3263 1296 3309 tac

171 3333 243 3377 nobie
259 3332 329 3390 pilea
353 3328 458 3388 donant]
485 3331 538 3375 ΥΕ.
559 3349 592 3365 -
611 3329 675 3374 laune
697 3331 768 3377 nobie
788 3333 856 3390 pilea
876 3331 969 3379 donant
993 3336 1046 3380 SM.
1066 3337 1168 3392 Foquel.
1188 3336 1211 3378 io
1237 3348 1296 3378 eon-

171 3408 245 3446 teitu.
267 3423 296 3434 -
316 3399 377 3444 daec
405 3401 477 3445 nobie
497 3401 567 3457 pilea
594 3399 670 3445 ἀοηατ
699 3402 773 3445 TRA.

243 3560 284 3608 ⁶3.
305 3575 332 3605 ee
351 3561 466 3605 iubenum
483 3562 512 3604 P.
558 3558 588 3606 75
619 3576 668 3606 uon
687 3561 749 3617 huc,
770 3577 843 3621 quam
862 3569 888 3606 ut
906 3564 1056 3622 quiequerp.
1076 3589 1109 3598 -
1128 3577 1177 3608 non
1187 3561 1248 3618 leuc,
1267 3571 1298 3608 eet

169 3633 273 3691 quiaque
292 3632 358 3673 wW.
381 3652 409 3661 -
424 3643 473 3673 non
485 3628 547 3683 laic,
568 3645 616 3689 qua
631 3632 734 3689 quisque
751 3633 780 3676 P.
820 3630 861 3674 82.
876 3629 941 3675 hunc
954 3632 1026 3676 notis
1045 3647 1069 3688 p.

242 3780 283 3829 73.
306 3780 394 3825 Velina
408 3781 483 3824 tribus
500 3795 600 3825 orranero
616 3783 717 3825 aliarum
736 3783 840 3826 tribuum
861 3784 982 3839 accessit;
1003 3788 1026 3827 et
1044 3785 1083 3840 qiu
1100 3785 1164 3827 rirra
1181 3785 1296 3828 Velinum

173 3856 250 3897 lacum
267 3850 422 3903 habitabant,
442 3850 544 3893 Romam
567 3852 675 3894 translati
692 3857 755 3898 sunt.
793 3853 885 3896 Rornae
904 3857 982 3896 autem
1002 3854 1239 3906 eratrousuetudo,
1271 3859 1298 3897 ut

169 3922 258 3978 quiex
277 3920 464 3962 manumissione
486 3921 550 3963 eires
576 3919 676 3962 Rorrrnui
705 3921 883 3973 efficiebantur,
915 3935 938 3963 m
955 3935 1054 3964 uiriucro
1070 3922 1157 3964 ciuium
1175 3922 1297 3965 Romano-

171 4004 226 4033 rum
255 3990 401 4031 frumentum
431 3988 551 4042 publicum
582 3989 725 4042 acciperent.
782 3988 824 4034 75.
854 3988 949 4049 Quibus
979 4003 1029 4032 una
1059 3988 1192 4049 Quiritem]
1230 3991 1301 4047 Quos

170 4057 382 4108 manumittebaut,
410 4069 450 4098 eas
474 4058 542 4111 alapa
567 4071 693 4111 percussos
720 4058 914 4116 circumagebant
941 4063 964 4102 et
992 4058 1083 4102 liberos
1111 4056 1298 4104 confirmabant.

170 4128 237 4172 Unde
254 4123 411 4169 manumissio
428 4126 504 4179 dicta,
536 4127 598 4183 quod
615 4140 685 4170 ruauu
705 4127 850 4171 mitteretur.
896 4125 1018 4188 Quiritem
1039 4131 1119 4171 autem
1140 4127 1298 4186 siugulariter

170 4196 268 4240 abusive
289 4193 363 4246 dixit,
384 4193 479 4237 licentia
499 4195 603 4248 poetica.
656 4195 717 4239 Nam
735 4196 798 4241 sicut
818 4201 885 4251 pater
904 4198 1054 4250 conscriptus
1073 4209 1120 4239 nou
1140 4197 1244 4252 dicitur;
1264 4197 1298 4239 ita

170 4279 213 4310 uec
233 4264 351 4321 Quiritem
370 4261 450 4306 dicere
469 4276 606 4316 possumus.
