2782 4762
667 347 721 412 32.

127 448 278 515 Lesbidis
300 447 442 515 Erinnae
465 473 528 517 unu
553 472 669 534 magua
691 450 792 529 uaoie,
826 452 883 515 sed
906 449 1009 516 oannis

194 553 356 617 Pieridum
379 555 504 618 redolet
527 555 630 618 (ledeia
653 554 744 630 mella
768 555 882 617 savias:

128 658 225 720 Haud
248 658 318 738 plus
340 667 390 718 ter
412 669 536 720 centum
560 676 641 742 quae
663 656 812 719 versibus
835 665 951 740 aequat
971 655 1163 734 Homerum,

193 761 307 823 Annos
330 771 402 821 nata
425 761 532 822 decem
556 759 650 844 virgo
672 779 834 842 superque
857 778 995 833 noveru;

130 863 200 927 uec
223 861 468 932 tameninterea
490 884 571 947 quae
594 872 733 944 poscunt
755 861 821 924 otia
842 861 959 925 Musae

194 965 262 1026 Aut
284 964 375 1027 eolus
398 975 451 1027 aut
472 965 577 1041 telae,
602 976 701 1028 matre
723 974 905 1046 premente,
929 965 1061 1028 dabant.

130 1065 166 1130 Si
187 1063 294 1147 cupis,
319 1065 470 1130 Eriuuam
495 1067 629 1153 Sappho
652 1067 807 1131 testudine
830 1065 959 1142 vineat,

193 1169 279 1235 Dum
302 1180 408 1232 tamen
428 1167 569 1235 Erinnae
591 1171 682 1234 cedat
704 1169 735 1233 in
757 1167 967 1254 hexametris.

667 1308 724 1374 33.
815 1346 818 1350 ¹

129 1430 218 1496 Urbs
241 1428 390 1512 proavita
412 1427 488 1493 mihi
510 1431 646 1511 Sardes,
667 1431 693 1494 si
715 1441 824 1494 vester
847 1429 988 1493 alumnus

193 1533 405 1610 Mansissem,
429 1535 529 1615 spado
553 1556 652 1610 utine,
676 1535 716 1597 ad
737 1536 913 1614 cyathnsve
935 1533 1040 1596 forem

129 1637 290 1712 Armatus,
315 1635 461 1720 qrratiens
483 1659 562 1699 cava
585 1647 754 1720 tympana:
781 1657 896 1700 nomeu
919 1647 950 1698 at
973 1637 1112 1698 Alcman

193 1741 287 1802 Nune
310 1738 403 1815 mihi,
428 1761 540 1824 meque
562 1762 651 1803 suum
676 1741 792 1822 Sparta
816 1742 906 1800 beata
929 1748 1044 1816 vocat,

130 1843 270 1923 Sumque
292 1841 538 1905 Heliconiadum
561 1845 647 1905 donn
670 1851 851 1924 praestante
874 1852 1018 1920 tyrauuo*
1098 1918 1100 1922 ι

192 1944 325 2023 Maior,
351 1943 418 2009 siue
439 1945 492 2007 ille
515 1955 563 2008 est
584 1945 723 2024 Dascyla
747 1943 815 2008 sive
839 1945 967 2028 Gyges.-

665 2084 721 2148 33.

130 2205 181 2268 Ne
204 2225 283 2269 saxo
306 2204 417 2270 metire
440 2205 563 2281 virum;
587 2204 613 2270 si
636 2207 699 2271 vile
721 2206 926 2289 sepulchrum

194 2307 347 2389 Aspicis,
373 2318 405 2370 at
428 2309 534 2392 magui
557 2309 638 2372 vatis
660 2310 692 2372 id
714 2330 787 2373 ossa
809 2309 899 2394 tegit.
930 2329 932 2332 ’

130 2409 265 2472 Alcman
289 2431 403 2473 nomeu
426 2410 539 2492 habet,
564 2411 713 2474 citharam
736 2415 863 2494 pulsare
887 2413 1066 2476 Lacaenam

194 2510 342 2592 Optimus
365 2524 397 2576 et
419 2513 526 2576 Musis
551 2515 674 2577 additus
697 2514 765 2596 ipse
789 2536 918 2577 novem.

130 2612 301 2678 Certamen
323 2615 418 2678 terris
441 2615 594 2699 geminis,¹
618 2638 657 2678 au
681 2617 808 2700 origiue
830 2618 943 2696 Lydus

192 2715 246 2780 Au
269 2720 379 2792 Laeo;
403 2739 467 2782 non
489 2719 624 2801 simplex
647 2717 770 2782 vatihus
794 2729 843 2783 est
865 2718 985 2800 patria.

666 2846 743 2922 35.⁴

130 2977 250 3057 Ibyee‚
275 2978 313 3038 ad
334 2974 484 3040 incultum
509 2999 590 3061 quos
614 2981 748 3040 duxerat
769 2960 869 3044 insula
891 2976 995 3056 littus,

193 3081 376 3142 Praedones
398 3081 511 3143 mortis
534 3091 628 3142 causa
651 3081 740 3143 fraere
761 3079 837 3161 tihi,

132 3180 297 3245 Clamares
320 3203 416 3264 quom
438 3203 533 3263 saepe
556 3204 652 3266 grues
674 3182 731 3245 tibi
755 3184 842 3246 sorte
868 3183 1036 3260 voiautes3

193 3286 336 3365 Namque
360 3283 440 3347 alios
462 3295 560 3347 testes
585 3307 671 3347 auors
693 3297 748 3349 tua
768 3308 831 3350 non
851 3287 978 3350 habuit.

129 3387 200 3448 Ner
221 3397 274 3447 tua
301 3407 366 3447 vox
388 3386 499 3466 periit:
523 3385 676 3471 siquidem
700 3388 923 3472 clangentibus
944 3389 1007 3453 ittis
1052 3408 1055 3415 '

193 3489 265 3552 Uita
289 3499 373 3549 tuam
397 3500 472 3569 post
495 3489 695 3557 esthorrida
718 3512 822 3571 poena
845 3512 980 3567 necem,
1024 3526 1027 3533 ⁴

131 3590 276 3670 Sisyphia
302 3591 429 3653 tellure.
476 3590 556 3670 Quis
580 3613 599 3654 0
622 3592 717 3655 fauor
739 3592 815 3669 iste,
845 3593 1008 3669 latrones,

192 3697 381 3756 Sanctorum
405 3696 493 3777 quod
517 3715 576 3758 vos
599 3716 663 3758 nou
686 3707 794 3758 movet
816 3696 862 3757 ira
885 3695 1002 3758 dedan?

131 3795 223 3857 Vatis
247 3807 277 3856 et
301 3794 475 3878 Aegisthus
498 3795 645 3858 foedatus
668 3797 821 3881 sanguine
844 3801 989 3860 dextram

192 3899 348 3981 Effugere
371 3897 582 3961 Eumenidum
605 3898 724 3962 luridus
748 3921 812 3963 non
834 3899 955 3983 potuit.
1215 3903 1254 3963 10

666 4039 720 4102 36.

130 4155 277 4220 Sedrries
301 4177 400 4220 anuos
422 4168 496 4238 post
519 4161 659 4242 quinque
681 4161 841 4227 Simouida
864 4172 1004 4235 cunctos,

189 4264 374 4344 Exsuperat
397 4262 530 4336 memori
552 4275 654 4351 sperate
677 4265 914 4347 Leoprepidesa
