2782 4762
1148 165 1209 227 125

89 331 187 405 ipsam
203 327 369 402 Euergetas
390 324 611 400 expeditionem
631 324 664 378 in
681 322 803 396 Syriam
820 324 941 397 nuptias
963 320 1056 380 fuisse
1077 322 1213 380 celebra-

88 434 135 479 tas
152 443 180 478 a.
199 421 255 478 216
269 419 317 476 vel
334 406 418 487 24523
439 436 536 493 neque
556 436 591 472 ca
611 418 642 472 iu
665 435 697 472 re
719 427 768 472 aut
781 416 844 472 falli
871 426 921 472 aut
942 416 1079 473 consulto
1091 419 1212 473 mentiri

88 525 209 590 poterat
228 513 439 569 Callimachus.
480 511 625 567 Foscolus
653 509 772 585 quidem
795 511 874 565 iuter
894 512 1023 584 primum
1048 529 1083 566 ac
1103 528 1212 566 secun-

92 608 160 664 dum
180 605 290 664 bellum
310 624 360 661 eas
378 606 478 680 ponit;
500 604 632 661 Vaillant
649 603 768 658 casdem
787 603 823 658 ad
844 604 955 659 a.2l10.
976 604 1080 659 refert.
1121 603 1213 661 Calli-

91 701 190 757 machi
211 718 284 756 vero
307 710 396 774 atque
416 698 529 772 Hygini
551 695 757 753 testimonium
782 712 817 748 co
836 711 882 748 me
911 694 1010 762 ducit,
1041 705 1074 749 ut
1094 694 1212 770 Magum

92 795 216 850 circiter
236 812 263 848 a.
284 795 349 850 218.
371 802 522 847 mortuum
543 807 608 844 esse
634 785 777 842 arbitrer.
817 786 897 842 Nihil
921 788 1000 842 enim
1023 788 1160 860 profecto
1181 789 1212 842 in

92 904 198 941 caussa
219 895 281 951 est,
315 903 370 940 cur
389 894 569 948 statuamus,
599 899 666 937 euin
686 881 786 935 statiua
808 890 877 953 post
901 879 1044 953 Ophellae
1067 879 1213 936 delectio-

92 996 177 1045 nem,
198 997 226 1033 e.
248 983 314 1038 507.
335 976 463 1048 Cyrenis
483 977 574 1031 fuisse
595 973 795 1048 praelectum,
828 991 886 1048 qua
911 991 948 1027 ex
970 974 1087 1028 ratione
1104 975 1212 1049 ¹utique

93 1073 175 1127 circa
196 1089 225 1125 a.
246 1076 313 1130 258.
339 1067 469 1135 obierit,
502 1084 627 1124 necesse
649 1076 704 1121 est.
746 1065 804 1134 At,
836 1067 886 1140 qui
906 1067 946 1121 ita
969 1076 1120 1134 statuunt,
1153 1085 1214 1141 quo

93 1162 212 1218 tandem
239 1160 388 1236 probabili
422 1179 554 1236 unquam
586 1169 764 1234 argumento
797 1160 953 1225 evincent,
987 1159 1124 1233 Apamen
1159 1177 1214 1233 per

93 1255 250 1312 duodecim
271 1256 428 1310 minimum
448 1272 543 1309 anuos
566 1255 773 1320 (258-216.)
803 1248 881 1306 liliae
902 1251 1127 1307 matrimonium
1156 1251 1215 1307 dif-

92 1349 172 1404 ferre
198 1346 354 1422 potuisse?
403 1346 512 1402 Omnia
533 1347 628 1412 euim,
664 1361 738 1418 quae
766 1344 897 1399 lustinus
928 1344 1039 1412 tradit,
1071 1343 1213 1401 breviore

94 1450 175 1496 certe
195 1441 340 1514 temporis
367 1441 465 1512 spatio
498 1440 619 1494 evenire
642 1435 820 1492 debuerunt.
863 1434 923 1492 Sed
943 1436 1033 1512 longe
1053 1438 1214 1494 falsissima

92 1532 304 1608 proculdubio
319 1541 364 1586 est
386 1533 489 1605 opinio
510 1528 848 1603 Charopollion-Figeac
862 1529 944 1584 Anu.
966 1528 1018 1584 des
1039 1530 1113 1606 Lag.
1130 1531 1168 1586 T.
1185 1539 1212 1587 2.

18 1654 21 1659 -
93 1644 124 1699 p.
140 1633 199 1692 28„
219 1626 269 1700 qui
284 1624 398 1680 elevato
416 1624 563 1679 Athenaei
580 1622 616 1677 de
634 1623 890 1697 quinquagenaria
905 1623 1010 1696 Magne
1024 1625 1214 1696 praefectura

93 1719 280 1783 testimonio,
303 1716 487 1790 calidiusque
511 1725 632 1789 arrepta
653 1734 728 1789 vaga
752 1715 803 1770 illa
824 1714 934 1770 lustiui
956 1719 1009 1783 26,
1032 1721 1060 1774 3.
1076 1736 1128 1787 per
1141 1717 1215 1769 idem

94 1819 202 1881 tempus
214 1809 359 1874 formula,
381 1809 486 1884 Magne
501 1808 713 1874 defectionem,
728 1807 890 1863 Berenices
903 1808 1070 1881 sponsalia,
1093 1811 1214 1882 nuptias

94 1901 131 1958 ah
147 1903 263 1976 Apume
284 1901 407 1968 dilatas,
430 1901 606 1975 easdemque
626 1898 792 1955 celebratas
813 1901 892 1956 iutra
915 1919 1027 1955 aunum
1040 1907 1106 1959 270.
1126 1920 1215 1957 coar-

94 2004 153 2063 tat',
189 1992 228 2050 ob
264 1996 353 2049 unius
389 1992 499 2050 Suidae
525 1994 747 2060 testimonium,
782 1994 888 2068 quiin
914 2011 988 2048 voce
1015 1994 1216 2073 Καλλᾲιαχος

94 2088 132 2144 Τ.
151 2093 179 2142 2.
200 2085 287 2142 Kust.
309 2103 379 2162 pag.
397 2093 462 2144 252.
484 2116 521 2130 -
540 2085 711 2165 παρέτεινε,
727 2086 841 2161 inquit,
861 2084 953 2163 μέχρι
971 2088 1027 2144 τοῦ
1046 2084 1215 2165 Εὐεργέτου

92 2178 262 2251 κληθέντος
281 2179 484 2258 Πτολεμαίου.
518 2174 687 2255 ’Ὀλυμπιὰς
706 2175 736 2235 δὲ
755 2177 795 2252 ἦν
815 2178 880 2255 pu?
891 2222 902 2248 ,
932 2169 970 2253 ἧς
988 2175 1071 2236 κατὰ
1089 2175 1125 2237 τὸ
1144 2175 1215 2236 ‹iiii-

92 2290 183 2349 τερον
212 2266 280 2335 ’έτος
305 2270 322 2328 ὁ
348 2268 515 2347 Εὐεργέτης
540 2271 655 2347 ἤρξατο
685 2271 739 2344 τῆς
763 2271 929 2348 βασιλείας.
976 2270 1071 2341 Quem
1099 2271 1216 2328 scilicet

94 2373 247 2418 auctorem
270 2364 296 2417 si
316 2380 494 2438 sequamur,
523 2362 711 2418 Ptolemaeus
738 2362 922 2438 Euergetes,
955 2382 1030 2438 puer
1049 2374 1122 2421 tuuc
1146 2375 1214 2420 octo

93 2456 156 2511 fere
175 2473 324 2509 annorum
344 2461 453 2523 (inater
470 2456 548 2510 enim
567 2456 631 2509 eius
652 2453 783 2509 Arsinoe
798 2454 1012 2527 Lysimachia.
1029 2463 1097 2517 281.
1112 2458 1215 2533 Aegy-

93 2557 178 2621 ptum
195 2549 398 2614 intraverat,)
424 2565 504 2602 anno
525 2549 583 2602 iam
604 2554 669 2605 270.
699 2558 728 2602 et
747 2547 909 2603 Berenices
929 2551 1041 2604 coniux
1067 2560 1097 2605 et
1119 2550 1215 2623 Cyre·

72 2657 201 2695 'narum
221 2639 380 2707 domiuus,
414 2641 522 2714 viginti
545 2640 674 2714 quinque
700 2652 798 2695 autem
822 2652 892 2713 post
915 2659 1010 2696 anuos
1034 2643 1116 2709 (216)
1136 2642 1215 2698 idem

93 2751 184 2785 novus
195 2739 317 2784 maritus
329 2733 405 2799 erit,
428 2750 516 2807 quem
531 2732 731 2788 Callimachus
743 2732 825 2787 dicit.
841 2763 878 2776 -
899 2751 928 2788 v.
947 2741 992 2790 11.
1016 2753 1089 2786 novo
1103 2744 1215 2789 aaronem

94 2827 248 2898 hymenaeo
264 2822 414 2898 significat
432 2824 585 2896 Cyrenas,
606 2843 680 2900 quas
700 2826 732 2880 in
748 2824 847 2880 dotem
867 2836 1025 2900 acceperat
1039 2826 1213 2901 Euergetes.

94 2934 123 2972 v.
144 2922 192 2972 22.
213 2915 317 2986 frater
336 2916 504 2989 appellatur
524 2917 688 2991 Euergetes
708 2917 870 2973 Berenices
890 2919 1056 2992 patruelis,
1079 2929 1112 2975 ut
1134 2921 1216 2977 Her-

93 3010 193 3064 mione
205 3027 252 3081 ap.
266 3007 355 3063 Ovid.
366 3008 490 3064 Heroid.
507 3019 542 3076 8,
558 3016 605 3069 27.
624 3009 660 3064 de
678 3005 802 3065 Oreste:
823 3011 862 3062 Et
878 3017 904 3062 si
916 3030 972 3063 non
982 3031 1056 3064 esses
1068 3019 1116 3064 vir
1129 3013 1213 3079 mihi,

85 3101 192 3172 frater
208 3118 281 3155 eros.
304 3102 343 3155 ita
359 3101 452 3156 etalii
471 3120 499 3158 v.
514 3120 541 3157 c.
553 3101 678 3169 Florus,
698 3109 731 3169 ὅ,
754 3109 807 3169 21,
828 3109 874 3161 27.
896 3104 1035 3160 Perizoo.
1051 3104 1211 3161 Animadr.

94 3192 163 3248 hist.
188 3191 222 3247 C.
242 3199 269 3253 5.
284 3211 314 3266 Ρ.
330 3197 376 3250 28.
398 3223 433 3238 -
452 3212 482 3250 v.
499 3197 546 3252 25.
566 3196 665 3247 bonum
680 3193 805 3266 facinus
823 3206 869 3251 est
891 3196 962 3252 illud
983 3199 1080 3271 ipsum
1096 3198 1214 3253 Iustino

94 3289 147 3353 26,
167 3291 195 3344 5.
218 3296 435 3354 memmium,
462 3306 516 3357 quio
533 3297 660 3358 stuprum
680 3293 798 3353 matris,
819 3289 903 3339 salva
919 3295 1044 3360 pietate,
1071 3293 1132 3342 ulta
1154 3300 1213 3355 est,

94 3388 127 3433 ut
148 3380 254 3451 primi,
285 3359 401 3434 frustra
423 3377 602 3454 obloquente
623 3379 802 3434 Villoisouio
822 3379 936 3454 Magos.
965 3381 1133 3456 Eucyclop.
1156 3381 1211 3436 IX.

94 3469 190 3526 unnee
207 3478 234 3527 2.
256 3488 288 3544 p.
310 3471 389 3537 5²48..
411 3472 624 3553 intellexeruut
644 3472 755 3528 Eclshel
774 3473 879 3528 Doctr.
902 3472 991 3527 Num.
1008 3482 1040 3542 1,
1063 3478 1090 3530 l.
1110 3492 1140 3547 p.
1164 3478 1211 3531 15.

94 3573 125 3620 et
141 3563 333 3630 Viscontius‚
355 3581 384 3619 v.
405 3563 566 3619 Foscolum
585 3584 615 3637 p.
632 3572 679 3625 28.
701 3575 729 3621 et
749 3565 887 3621 Viscouti
906 3560 1112 3640 lcouogr.'gr.
1129 3566 1166 3621 T.
1182 3573 1210 3626 5.

94 3675 124 3731 p.
140 3662 206 3714 221.
234 3656 365 3713 Leviora
386 3667 455 3710 sunt
473 3667 523 3712 aut
546 3657 641 3712 futilia
662 3657 730 3724 illa,
753 3654 860 3732 quihus
879 3659 1133 3732 magnanimitatis
1147 3658 1214 3713 lau-

94 3748 161 3804 dem
175 3768 190 3803 a
205 3748 387 3804 Callimacho
407 3751 529 3820 reginae
550 3750 732 3823 impertitam
754 3750 906 3823 explicare
925 3762 1053 3807 conatur
1075 3751 1213 3826 Hyginus

93 3839 154 3908 1.l.‚
170 3840 205 3896 de
218 3839 325 3926 quihus
340 3841 428 3896 adeas
440 3841 680 3898 Valckenarium.
693 3845 752 3916 Τὴν
763 3843 926 3920 Βερενίκης
937 3847 1056 3922 τόλμαν
1069 3855 1215 3929 memorat

94 3935 184 3989 etiam
197 3932 342 4005 Polybius
357 3933 391 4000 1,
407 3938 454 3991 56.
476 3953 505 3989 v.
524 3940 572 3992 55.
594 3944 621 3988 is
640 3935 717 3986 haud
734 3941 763 3986 iu
784 3944 906 4006 tempore
929 3938 1026 4006 longo.
1068 3936 1214 3997 Similiter

93 4026 182 4101 plane
192 4026 336 4098 Polyaen.
347 4032 381 4092 8,
394 4030 440 4082 50.
458 4027 519 4082 ἀπὸ
533 4029 588 4084 τοῦ
603 4033 724 4105 Ταύρου
736 4027 828 4104 μέχρι
841 4031 895 4099 τῆς
904 4026 1031 4101 Ἰνδικῆς
1044 4029 1212 4105 ἐκράτησε,

93 4130 124 4175 et
142 4118 344 4191 Hieronymus
363 4120 396 4174 in
415 4117 570 4175 Danielem
591 4118 625 4176 C'.
645 4126 692 4176 11.
709 4119 795 4174 Tom.
808 4125 836 4177 5.
852 4138 883 4194 p.
901 4125 985 4181 1125.
1002 4113 1115 4179 Bened.
1138 4124 1213 4178 Pto-

92 4212 214 4264 lemarus
231 4211 389 4281 Euergetes
414 4216 486 4283 cepit
512 4241 542 4253 -
567 4212 682 4286 Syriam
707 4221 736 4265 ci
758 4212 886 4267 Ciliciam
912 4220 1119 4288 serperioresque
1137 4235 1212 4286 par-
