2782 4762
180 159 242 221 226

180 319 276 381 Nune
300 316 485 399 Capitolino
509 317 607 380 veluti
630 320 777 379 turbante
800 316 937 382 Camillo

181 419 321 484 Ensibus
344 431 375 482 et
397 420 512 481 trutina
536 420 621 482 Galli
642 420 757 502 fugere
779 420 918 493 relicta,¹

181 523 235 584 Sic
257 521 359 585 nostri
381 522 491 603 palare
515 543 604 584 senes
628 521 776 584 dicuntur
798 535 828 584 et
850 522 912 603 ipsi

182 626 226 688 Ut
247 624 347 686 ferale
370 644 445 686 suos
469 644 549 686 onus
573 625 751 706 exstirpare
774 624 912 688 libellos.

181 728 273 809 Ergo
299 724 509 787 Numantinus
532 725 739 809 Libycusque
762 724 883 788 erravit
900 726 936 787 in
960 726 1022 790 isto

180 809 308 908 Scipio,
334 827 388 910 qui
410 825 540 889 Rhodio
564 826 665 889 crevit
687 828 846 891 formante
871 828 1044 910 magistro,

180 930 363 1011 Ceteraque
385 929 436 990 illa
462 950 569 990 manus
592 929 677 990 bello
699 929 835 992 fecunda
858 932 1016 1003 seeundo,

181 1033 271 1110 Quos
294 1031 376 1093 inter
397 1030 493 1110 prisci
515 1031 670 1092 sententia
693 1032 740 1093 dia
764 1030 898 1095 Catonis

180 1134 269 1196 Scire
292 1135 377 1194 adeo·
395 1133 499 1215 magni
521 1132 648 1194 fecisset
677 1144 822 1196 utrumne
844 1135 1009 1209 secundis,

181 1239 233 1298 An
258 1235 358 1318 magis
381 1233 524 1296 adversis
547 1246 645 1297 staret
668 1236 812 1298 Romana
835 1236 1011 1321 propago?

180 1337 311 1400 Scilicet
333 1337 490 1399 adversis:
514 1358 584 1398 nam
608 1359 704 1420 quom
728 1337 891 1403 defendier
913 1341 1008 1402 armis

180 1441 297 1502 Suadet
320 1460 410 1503 amor
432 1438 553 1519 patriae
576 1450 606 1500 et
629 1438 756 1520 captiva
779 1441 945 1521 penatibus
969 1462 1074 1517 ttxor,

179 1541 360 1616 Convenit,
385 1554 420 1603 ut
443 1541 576 1622 vespis,
601 1562 736 1624 quarum
759 1545 871 1605 domus
895 1564 968 1606 arce
990 1545 1169 1618 Monetae,

181 1645 292 1706 Turba
315 1645 422 1729 rigens
446 1643 563 1705 strictis
587 1665 646 1725 per
668 1644 750 1706 lutea
775 1665 915 1726 corpora
939 1645 1022 1708 telis.

177 1747 240 1809 Ast
261 1746 316 1807 ubi
338 1767 411 1826 apes
435 1766 545 1809 secura
568 1745 668 1820 redit,
692 1746 790 1809 oblita
814 1748 961 1809 favorum

177 1848 275 1912 Plebs
298 1858 471 1931 patresque
494 1869 552 1909 una
577 1868 690 1910 somno
714 1847 894 1910 moriuntur
916 1852 1031 1912 obeso.

177 1939 419 2012 Romulidarum
442 1948 540 2032 igitur
562 1949 660 2031 longa
683 1960 713 2010 et
738 1949 846 2030 gravis
871 1950 1000 2012 exitiuur
1022 1971 1100 2032 pax.

217 2052 294 2114 Hoc
314 2051 432 2114 {abella
455 2054 550 2114 modo
574 2072 703 2132 pausam
727 2050 816 2113 facit.
862 2052 992 2132 Optima
1013 2054 1173 2133 posthae·

175 2153 293 2226 Musa,
318 2153 413 2215 velim
437 2173 583 2227 moneas,
609 2153 676 2214 sine
699 2174 760 2234 qua
784 2152 859 2214 mibi
882 2154 964 2214 nulla
990 2154 1138 2235 voluptas

174 2254 350 2328 †Vivere,
374 2253 419 2315 uti
442 2256 600 2335 quondam
624 2254 841 2332 Smyrnalibus
864 2255 881 2290 ‘l
904 2255 921 2288 ³²¹
945 2255 1084 2335 peribat,
1258 2258 1300 2317 60

175 2358 270 2417 Nunc
291 2354 397 2417 itidem
421 2355 559 2437 migrare
585 2355 661 2418 velit
685 2357 735 2418 vel
758 2357 892 2439 denique
916 2357 1058 2438 quidvis,
1083 2396 1085 2401 .

175 2459 220 2521 Ut
242 2458 329 2532 Dea,
355 2477 472 2539 quaere
495 2457 599 2519 aliud:
624 2468 743 2518 tantum
769 2459 916 2520 Romana
940 2457 1063 2522 Caleno

175 2557 332 2634 Moenia,
356 2559 511 2623 iucundos
532 2559 717 2641 pariterque
739 2571 830 2622 tuere
854 2558 1004 2621 Sabinos.

174 2661 265 2722 Haec
288 2681 371 2744 ego:
398 2672 462 2723 tum
485 2661 594 2742 paucis
610 2650 686 2723 'Dea
710 2681 757 2723 me
780 2660 943 2741 dignarier
965 2661 1050 2723 infit:

174 2809 188 2834 „
198 2765 289 2825 Pone
313 2774 412 2824 metus
437 2783 575 2845 aequos,
602 2762 719 2825 cultrix
742 2784 822 2825 mea.
868 2765 995 2824 Summa
1021 2773 1156 2842 tyranno
1255 2764 1297 2824 65

173 2866 266 2927 Haec
287 2863 404 2926 instant
427 2864 499 2927 odia
522 2874 554 2926 et
576 2875 691 2927 nostro
713 2863 873 2944 periturus
897 2866 1021 2928 honore
1045 2875 1111 2926 est:

173 2968 255 3029 Nam
278 2967 401 3027 laureta
424 2966 550 3027 Numae
572 2965 745 3047 fontesque
766 2966 942 3027 habitamus
966 2968 1093 3028 eosdem

173 3070 216 3130 Et
239 3068 353 3132 comite
376 3067 497 3150 Egeria
519 3067 654 3129 ridemus
677 3066 955 3148 inania-coepta.''

172 3171 280 3246 Vive,
304 3170 390 3244 vale;
414 3180 520 3232 manet
543 3172 625 3232 hunc
648 3170 816 3250 pulchrum
840 3191 894 3231 sua
918 3169 1001 3232 fama
1025 3170 1191 3233 dolorem:

173 3273 339 3334 Musarum
363 3272 498 3352 spondet
520 3272 639 3333 chorus
662 3282 693 3333 et
717 3273 881 3334 Romanus
904 3271 1040 3352 Apollo.
1255 3272 1296 3332 70

170 3468 320 3516 condemner
344 3466 477 3514 tt’extt.”
512 3470 557 3526 (La
576 3472 654 3515 Sntlre
674 3473 701 3514 de
721 3469 835 3528 Sulpicio
854 3472 955 3514 traduite
975 3485 1005 3514 eu
1031 3483 1087 3514 vers
1108 3469 1213 3525 franpa'is
1236 3483 1294 3513 arec

171 3543 213 3585 des
225 3546 293 3584 notes
306 3553 349 3595 par
366 3535 411 3584 ct.
430 3538 548 3584 Monord.
564 3540 634 3584 Paris
651 3537 726 3583 1816.
739 3538 764 3584 8.
776 3553 800 3594 p.
815 3539 869 3593 51.)
881 3537 922 3582 ll.
936 3536 977 3586 tr.
990 3537 1046 3583 Non
1060 3540 1115 3582 Atel.
1137 3538 1172 3580 lb.
1191 3533 1295 3594 Cupito-

170 3609 233 3653 linie
251 3629 286 3642 -
305 3607 432 3652 Mercibus
450 3609 527 3652 Boub.
548 3606 659 3652 Ensibus
678 3608 731 3651 ΑΜ.
752 3610 792 3651 alii
812 3608 948 3651 Loucibuc.
987 3604 1029 3653 43.
1047 3608 1137 3663 pclare
1157 3612 1294 3661 suspectum

169 3683 221 3722 erat
236 3678 379 3732 bouhierid,
411 3678 451 3734 qui
467 3678 632 3731 suspicabatur
647 3673 783 3736 fugitare,
815 3678 856 3720 sed
875 3677 973 3730 propius
995 3678 1023 3720 ed
1044 3676 1120 3718 cedo.
1147 3676 1293 3729 scripturam

169 3745 293 3792 accederet
315 3747 440 3804 pavitare.
492 3743 533 3792 ll.
551 3759 600 3790 cuo
616 3760 693 3790 sonus
713 3746 768 3792 tut.
789 3746 825 3789 lb.
843 3759 982 3788 exsecrere
1005 3745 1033 3788 C.
1055 3745 1085 3788 tt.
1106 3744 1135 3786 tt.
1155 3750 1293 3802 exportare

169 3816 289 3860 Scltwerr..
309 3817 392 3860 Burut.
410 3815 472 3859 coni.
512 3812 553 3860 lb.
575 3813 671 3860 utorio
689 3815 744 3857 illd.
765 3803 905 3871 intelligitur
926 3815 1057 3858 Panaetius
1076 3813 1192 3858 Rhodius:
1228 3813 1293 3855 state

169 3885 280 3928 Schwarz
304 3882 384 3929 Rudio
402 3885 419 3928 i.
448 3899 470 3931 e.
490 3885 578 3928 Ennio.
629 3881 670 3927 47.
691 3879 824 3941 Ceterupue
847 3885 900 3926 ΑΜ.
921 3880 1008 3927 Cetera
1028 3888 1052 3925 et
1069 3883 1152 3925 Burm.
1174 3882 1291 3924 Wernsd.

169 3951 246 4008 (bello
257 3950 373 4011 fecundo
381 3949 513 4011 foecunda
532 3951 599 4007 ΑΜ.)
617 3951 744 4004 secundo,
771 3953 788 3996 i.
807 3967 829 3995 e.
847 3967 906 4007 quae
924 3953 948 3995 in
969 3952 1031 3995 bella
1050 3964 1167 4004 prospere
1186 3951 1292 4008 gerenda

168 4035 263 4077 semper
287 4023 462 4067 succrescebat.
512 4024 547 4065 lta
563 4022 617 4066 Lis.
639 4019 669 4075 5,
691 4019 734 4065 ll.
753 4026 832 4083 erterp
849 4021 929 4073 dotti,
949 4019 1085 4064 secuudum
1108 4019 1184 4070 suin
1202 4032 1292 4062 rectru-

165 4090 277 4134 diecima
290 4092 392 4147 proelia
412 4091 503 4136 Caesar
522 4093 550 4134 B.
572 4091 603 4138 G.
625 4088 656 4144 7,
679 4087 719 4134 62.
742 4095 765 4133 et
783 4089 919 4134 seeundum
934 4089 1060 4146 proelium
1085 4089 1145 4130 dixit
1167 4086 1200 4131 ib.
1218 4086 1243 4141 2,
1266 4084 1289 4131 9.

166 4160 272 4214 Sulpicia
293 4161 384 4204 imitata
408 4165 444 4204 est
466 4163 523 4206 illud
547 4161 638 4204 Horatii
666 4157 712 4203 Od.
737 4156 761 4211 l,
784 4156 812 4212 l,
842 4155 884 4202 ld.
927 4158 987 4202 Post
1006 4156 1052 4200 ltoc
1071 4155 1191 4200 secundia
1213 4169 1292 4213 uepres

164 4227 297 4274 tatoribus
317 4227 429 4274 Romana
444 4230 524 4286 pubes
545 4230 633 4274 crevit.
680 4228 726 4271 atti
746 4241 798 4271 cum
820 4230 935 4272 Wernsd.
948 4224 1068 4284 secunda
1089 4227 1195 4283 legentes
1217 4238 1292 4279 expo·
