2782 4762
1148 177 1208 239 221

87 342 228 410 Grandia
251 341 466 427 magnanimus
490 341 616 425 peragit
638 362 746 422 puer.¹
776 339 858 403 Utar
880 357 966 422 ego,
990 346 1081 413 utar,
1150 338 1153 343 ’
1198 339 1202 347 ”

86 449 157 511 Nec
180 447 335 508 rhombos
357 444 432 507 ideo
455 443 579 506 libertis
601 463 723 524 ponere
745 442 869 516 lautus,
904 509 909 518 ¹

87 551 159 613 Nec
180 560 304 611 tenuem
328 548 442 609 sollers
464 547 628 607 turdarum
651 565 745 607 nosse
768 543 913 607 salivam.

87 653 199 715 Messe
221 662 312 713 tenus
336 648 467 730 propria
492 649 585 711 vive.
610 657 642 708 et
665 646 811 730 granaria
835 647 898 727 (las
921 649 982 726 est)
1170 644 1210 708 25

27 755 31 764 ”
87 756 217 820 Emole.
243 754 328 832 Quid
352 750 492 834 metuas?
518 751 624 824 Ocea,
651 761 682 811 et
704 767 802 832 seges
821 749 944 812 altera
935 772 968 812 m
982 750 1081 813 herba
1098 759 1175 812 est
1171 756 1210 790 -'

89 859 154 920 Ast
176 867 272 919 vocat
295 853 452 917 officium:
477 856 567 914 trabe
591 862 706 932 rupta,
733 851 858 913 Bruttia
881 873 959 914 saxa

89 958 224 1024 Prendit
247 946 365 1019 amicus
388 956 482 1037 inops
504 975 637 1038 remque
660 975 786 1017 omnem
808 955 969 1038 surdaque
991 964 1067 1018 vota

93 1059 248 1126 Condidit
270 1059 384 1122 Ionio:
408 1057 490 1119 iacet
512 1056 581 1137 ipse
603 1056 634 1117 in
657 1055 753 1118 litore
777 1067 808 1117 et
832 1077 892 1118 rina

89 1162 242 1245 Ingentes
265 1163 303 1223 de
325 1180 434 1242 puppe
459 1157 509 1222 dei
530 1158 654 1242 iamque
679 1159 775 1222 obvia
798 1158 917 1242 mergis

92 1264 194 1328 Costa
216 1263 292 1325 ratis
316 1267 451 1324 lacerae.
498 1262 592 1322 Nunc
615 1271 647 1322 et
669 1263 707 1323 de
731 1261 852 1342 cespite
875 1261 951 1324 vivo

87 1368 221 1452 ¹Frange
245 1364 380 1447 aliquid;
405 1363 524 1446 largire
547 1363 656 1444 inopi,
681 1383 720 1425 ne
742 1362 848 1445 pietus
872 1365 1004 1426 oberret

93 1467 249 1532 Caerulea
272 1467 447 1529 iu-tabula.
471 1502 512 1511 -
535 1467 600 1529 Sed
622 1487 755 1529 coenam
778 1465 898 1528 sinueris
920 1468 1015 1528 heres

92 1571 247 1656 Negliget
269 1571 391 1644 iratus,
417 1572 505 1652 quod
525 1591 591 1631 rem
616 1568 816 1631 curtaveris:
842 1589 940 1631 urnae
1014 1615 1017 1619 J

94 1675 178 1738 Ossa
199 1673 334 1736 inodora
359 1673 463 1747 dabit,
490 1677 547 1734 seu
569 1671 690 1753 spirent
712 1672 853 1733 cinnama
876 1674 1005 1734 surdum
1174 1667 1214 1731 35

94 1779 158 1839 Seu
180 1796 294 1838 ceraso
316 1786 449 1857 peccent
472 1773 594 1849 casiae,
619 1772 744 1835 nescire
765 1785 907 1854 paratus.
1207 1780 1212 1793 ¹

96 1925 110 1952 „
124 1881 217 1940 Tune
240 1880 323 1940 bona
347 1876 515 1940 incolumis
539 1873 712 1937 minuas?”
735 1907 776 1918 -
800 1875 864 1936 Sed
886 1873 1013 1937 Bestius
1035 1883 1131 1957 urget

94 1980 261 2044 Doctores
285 1981 427 2044 Graios:
475 1979 546 2050 „Ita
569 1977 618 2053 fit,
642 1989 814 2059 postquam
838 1996 951 2058 sapere
973 1976 1049 2039 u'rbi

95 2082 178 2146 Cum
200 2081 314 2163 pipere
337 2092 368 2142 et
389 2080 502 2162 palmis
527 2079 614 2141 venit
636 2092 780 2141 nostrum
804 2079 867 2142 hoe
890 2077 982 2141 maris
1005 2099 1139 2160 expers,

94 2184 293 2249 Foenisecae
314 2203 425 2246 crasso
447 2180 600 2244 vitiarunt
624 2181 765 2264 unguine
786 2180 927 2262 pultes.''
951 2213 992 2224 -
1175 2181 1216 2242 40

94 2289 186 2349 Haec
208 2285 314 2348 cinere
337 2282 473 2348 ulterior
496 2282 640 2347 metuas?
662 2316 704 2327 -·
726 2286 772 2347 At
795 2295 847 2359 tu,
873 2296 961 2346 meus
983 2285 1075 2347 heres

165 2465 207 2512 23.
231 2490 258 2500 -
279 2467 380 2511 tumbae
404 2468 434 2511 T.
455 2491 488 2501 -
507 2467 635 2512 scombros
653 2467 733 2510 RAM.
754 2467 814 2511 ltem
833 2466 879 2521 E„
900 2467 940 2511 sed
962 2479 1086 2521 superscr.
1105 2466 1214 2525 notabor.

95 2537 132 2581 lb.
153 2558 186 2571 -
205 2537 267 2581 adeo
286 2539 317 2581 V.
368 2534 410 2581 24.
441 2555 472 2571 ·-
498 2543 584 2581 tennes
602 2563 612 2572 ·
632 2563 641 2572 -
660 2537 757 2580 salinae
775 2536 827 2584 RA.
878 2536 915 2580 lb.
935 2534 1078 2594 turdarum]
1108 2538 1156 2582 SV.
1185 2557 1215 2568 -

94 2605 224 2650 turdorum
243 2606 363 2650 RESAM.
400 2603 442 2651 25.
463 2624 497 2639 -·
511 2604 579 2664 plane
595 2606 626 2650 T.
664 2603 706 2650 26.
727 2606 862 2649 —metus'e
880 2605 970 2650 Oinnes
984 2607 1031 2650 mel
1053 2611 1150 2660 praeter
1167 2607 1215 2660 tt..

96 2678 153 2733 qni:
182 2681 289 2723 metuas.
339 2676 375 2718 lb.
399 2697 428 2706 -
447 2689 508 2718 oceo
537 2688 612 2735 seges
631 2675 662 2718 Τ.
682 2676 822 2718 Vincentius
844 2676 966 2719 Bellonae.
988 2673 1062 2731 Sper.
1082 2675 1162 2720 doctr.
1187 2675 1216 2731 5,

96 2742 154 2790 105.
167 2746 206 2802 qui
216 2746 274 2789 item
283 2751 391 2793 metune.
399 2765 434 2778 -
442 2758 503 2788 occa
513 2759 543 2788 en
553 2757 627 2804 seges
640 2744 670 2788 A.
679 2744 723 2798 (-
733 2744 823 2787 metuis
832 2745 903 2787 sicea
913 2756 1034 2799 superscr.
1046 2741 1161 2800 recall.)
1173 2742 1216 2788 27.

95 2813 171 2858 -Ae
187 2818 256 2859 vorot
270 2804 311 2875 effi
326 2813 362 2858 M.
386 2835 413 2846 -
434 2813 543 2858 Adrocot
555 2813 597 2875 off.
618 2814 647 2860 F.
684 2813 721 2856 ΙΙ).
742 2832 771 2846 -
790 2812 874 2857 brutia
893 2813 945 2860 TA.
966 2809 1172 2857 28.-Preudet
1183 2815 1216 2858 V.

94 2885 132 2927 lb.
152 2903 187 2919 ι-
205 2898 235 2926 ae
252 2898 305 2927 rem
323 2897 420 2927 omnem
438 2884 468 2927 ll.
506 2881 548 2927 29.
568 2882 647 2925 -in
668 2881 738 2925 Ionio
758 2882 794 2926 M.
834 2883 870 2926 lb.
892 2898 924 2915 ¹-
944 2888 968 2926 et
986 2881 1036 2925 uda
1054 2883 1082 2926 F.
1121 2879 1163 2927 33.
1183 2906 1216 2916 -

95 2967 180 2996 ceram
195 2952 222 2996 in
232 2953 337 3010 jusseris
351 2954 380 2997 A.
420 2950 461 2997 34.
484 2963 516 2996 .·.·.
535 2950 661 3011 Negleget
679 2953 711 2995 V.
750 2947 791 2999 35,
812 2974 846 2987 -
870 2950 993 2995 inhonora
1017 2951 1045 2994 F.
1067 2970 1100 2985 -
1118 2951 1218 2996 mondo·

95 3036 126 3066 aa
145 3021 201 3081 (sir)
220 3035 342 3077 superscr.
364 3020 472 3066 inodora
492 3022 522 3065 ll.
562 3021 598 3064 lb.
617 3020 770 3079 cynnmnA.
809 3018 850 3068 37.
870 3018 931 3080 sed]
951 3019 1040 3066 Omnes
1055 3021 1102 3066 mei
1121 3026 1218 3076 praeter

94 3092 149 3143 M.,
179 3093 218 3148 qni
245 3097 277 3134 et.
329 3089 370 3136 39.
396 3111 431 3127 ·-
456 3088 503 3134 boe
524 3096 638 3134 nostrum
659 3091 691 3134 V.
716 3108 750 3122 -
779 3097 902 3135 nostrum¹
922 3089 963 3134 tte
985 3091 1015 3138 E.
1043 3089 1143 3146 (Omnes
1170 3091 1217 3137 mei

96 3158 231 3214 noeti-nm.)
280 3156 322 3204 41.
347 3183 370 3193 -
396 3174 427 3203 ae
446 3166 472 3204 tu
490 3161 526 3204 M.
546 3183 569 3196 -
594 3164 638 3203 utet
656 3165 682 3203 tu
700 3159 730 3202 E.

166 3319 208 3366 24.
228 3319 359 3366 turdorum
377 3336 408 3365 w.
454 3319 497 3367 26.
516 3322 606 3366 taetris
626 3322 727 3377 pwPW.
779 3318 820 3366 37.
837 3319 870 3364 Et
886 3319 987 3366 Bestius
1006 3336 1044 3377 rp.
1092 3319 1134 3368 32.
1154 3323 1219 3368 renit

95 3397 206 3435 vestrum
225 3393 253 3435 de
269 3392 370 3434 Bentleii
391 3392 454 3435 coni.
477 3406 499 3435 r.

167 3548 209 3595 24.
231 3550 377 3596 Turdorum
393 3564 467 3595 nosse
485 3551 603 3611 salicum]
623 3553 754 3611 Cognoscit
769 3553 895 3595 turdorum
909 3565 1019 3607 sapores.
1057 3553 1141 3600 Solent
1156 3555 1220 3598 enim

97 3622 192 3678 quidam
218 3623 288 3679 gulae
310 3621 382 3665 dediti
403 3625 481 3665 tantae
501 3622 640 3666 subtilitatis
658 3621 746 3666 habere
765 3622 884 3676 palatum,
911 3627 936 3665 ut
954 3622 1095 3678 dignoscant
1115 3625 1218 3678 turdos,

96 3705 126 3733 an
143 3691 270 3744 cellarius,
290 3704 319 3733 an
336 3691 454 3733 terrarius
467 3688 538 3746 (‚,At.
558 3691 696 3735 vivarius.”
713 3687 793 3747 Pitb.)
806 3691 854 3735 sit:
875 3703 904 3733 au
921 3692 1057 3744 masculus,
1078 3691 1218 3736 arsemina.

97 3758 244 3803 Turdorum
262 3760 322 3802 dixit
339 3759 451 3813 abusive,
471 3773 544 3815 quom
561 3760 692 3804 turdorum
710 3760 842 3813 debuerat,
864 3764 890 3802 nt
905 3760 1018 3803 Horatius
1037 3759 1072 3814 (S.
1088 3759 1111 3815 1,
1126 3756 1150 3804 5.
1164 3758 1220 3818 72.)

96 3830 180 3883 ponit:
212 3827 294 3872 Paene
313 3841 414 3872 anncroe
435 3829 502 3872 arsit
522 3829 581 3872 dnm
606 3829 694 3873 turdos
722 3834 806 3873 verset
833 3829 860 3872 in
879 3829 944 3888 igni.
989 3824 1031 3872 3⁰.
1050 3828 1169 3888 Ingentes
1189 3829 1220 3874 de

91 3911 177 3955 puppe
206 3895 257 3954 dei]
286 3896 399 3941 Navium*
417 3899 517 3942 tutelam
535 3899 610 3953 elicit,
642 3912 712 3954 quam
735 3900 759 3942 in
787 3897 903 3952 puppibus
932 3896 1019 3941 habent
1047 3900 1084 3942 vel
1110 3899 1218 3958 pingunt.

97 3963 139 4013 35.
160 3979 220 4010 ossa
238 3965 354 4024 inodora]
374 3967 431 4011 Sine
448 3969 592 4025 ungnentis,
623 3970 660 4012 vel
676 3964 814 4020 inhonora,
835 3968 973 4020 sepulturae
987 3967 1080 4011 honore
1102 3971 1219 4015 carentia.

63 4062 67 4073 »
92 4033 140 4080 ao.
160 4032 254 4079 craeso
272 4035 393 4079 vitiarunt
409 4035 531 4095 unguine]
551 4038 634 4081 Solent
646 4037 738 4089 rustici,
754 4049 825 4092 quom
838 4035 1046 4091 oleumdeiusrit,
1066 4038 1134 4093 adipe
1149 4052 1220 4094 pecu·

96 4106 153 4148 dum
171 4106 194 4148 in
213 4106 303 4159 pultem
320 4107 458 4160 missotpro
483 4106 538 4149 oleo
557 4107 600 4150 nti.
653 4102 695 4151 55.
715 4101 827 4149 Bouillae
848 4106 988 4149 enutriens
1012 4107 1043 4150 ad
1070 4107 1220 4155 undecimum

95 4175 200 4228 lapidem
221 4175 311 4228 Appiae
330 4176 398 4218 viae:
430 4175 485 4231 qula
504 4175 631 4233 aliquando
649 4176 673 4219 iu
689 4174 783 4218 Albano
806 4179 886 4218 monte
907 4174 937 4218 ab
961 4188 1003 4220 ara
1023 4175 1118 4235 fugiens
1136 4183 1220 4223 taurus

97 4244 151 4286 iam
163 4249 333 4298 consecratus,
359 4243 392 4287 ibi
408 4243 593 4300 comprehensus
615 4250 660 4290 est.
697 4245 753 4288 lude
772 4243 879 4288 anillae
898 4245 983 4290 dictae.
