2782 4762
72 150 75 156 1
170 204 235 267 276

173 358 324 428 Carmina
347 357 567 445 quomsslaeias
589 356 651 423 soli
672 355 814 422 cedentia
835 354 952 434 fratri,

234 465 375 527 Pectore
398 484 460 527 nou
485 463 667 537 minores,
691 462 746 523 sed
769 460 887 542 pietate
910 460 1016 542 prior.

170 566 292 629 Lesbia
315 587 384 627 eum
409 576 519 627 tenero
543 576 574 628 te
597 574 706 645 posset
729 584 835 625 amare
858 563 1009 640 Catullo,

234 670 282 729 Te
304 678 379 748 post
400 669 562 729 Nasonem
585 658 699 727 blanda
723 663 864 729 Corinna
887 666 990 749 sequi.

169 770 241 833 Nec
262 772 394 831 deerant
418 767 583 849 Zephyri,
608 766 636 831 si
658 777 689 829 te
712 768 787 829 dare
812 767 882 828 vela
905 767 1051 831 iuvaret:

216 868 295 934 'seu
316 883 350 933 tu
371 871 447 934 litus
470 891 572 937 arnasn
611 869 688 932 Hoc
710 889 841 952 quoque
863 869 972 932 fratris
994 871 1106 932 hahes.

425 1032 556 1111 LXVI.
589 1024 769 1094 Eiusdem.
803 1028 860 1107 (n.
886 1018 938 1089 lt.
963 1010 1031 1105 lu.)

168 1138 265 1203 Silius
288 1125 367 1204 lraee
388 1140 493 1224 magui
516 1141 656 1203 celebrat
675 1149 880 1203 monumenta
904 1137 1076 1214 Maronis,

231 1241 501 1325 Iugera'lacundi
523 1241 578 1326 qui
601 1242 769 1306 Ciceronis
792 1243 899 1303 habet.
937 1226 940 1233 ¹

167 1344 328 1407 Heredem
352 1345 576 1428 dominumque
599 1345 650 1408 sui
672 1343 823 1407 tumulive
845 1343 983 1405 Larisae

230 1446 306 1510 Non
329 1446 423 1511 alium
445 1445 552 1509 mallet
572 1467 631 1510 nec
655 1447 756 1509 Maro
778 1467 838 1508 nec
860 1444 992 1511 Cicero.

412 1608 563 1671 LXVII·
596 1605 777 1670 Eitesdem.
811 1605 869 1684 (L.
895 1604 946 1666 12.
970 1604 1039 1681 30.)

251 1715 382 1791 Siccus,
408 1715 535 1791 sobrius
557 1728 604 1779 est
627 1719 737 1797 Aper:
761 1714 838 1800 quid
859 1718 899 1778 ad
921 1714 994 1777 me?

295 1820 431 1896 Servum
454 1818 501 1881 sic
522 1839 586 1903 ego
608 1821 723 1895 laudo,
748 1839 814 1881 non
837 1817 983 1881 amicum.

406 1961 576 2025 extum
608 1958 787 2024 ninum.
824 1959 882 2038 (n.
907 1958 960 2020 tr.
984 1957 1053 2036 31.)

165 2070 243 2135 Hoc
264 2090 391 2146 nemus,
414 2068 451 2132 hi
468 2069 595 2145 lantes,
620 2071 699 2132 haec
721 2068 841 2134 textilis
863 2071 975 2132 umbra
998 2067 1103 2150 supini

229 2171 390 2248 Palmitis,
414 2172 479 2235 hoc
499 2171 612 2257 riguae
635 2171 751 2235 ductile
771 2172 888 2233 flumen
911 2192 1031 2255 aquae,

165 2275 328 2357 Prataque
351 2295 409 2337 nec
430 2258 538 2336 bilero
560 2296 687 2337 cessura
710 2273 992 2361 rosariaPaesto,

231 2376 392 2458 Quodque
415 2377 497 2455 viret
519 2377 589 2440 Iani
613 2398 717 2439 rnense
739 2398 799 2439 nee
821 2368 907 2460 alget
929 2375 1015 2449 olus;

166 2478 322 2562 Quaeque
343 2466 430 2540 natat
452 2477 566 2541 clausis
590 2477 728 2562 anguilla
752 2472 925 2541 domestica
947 2475 1102 2559 lymphis,

229 2580 384 2664 Quaeque
407 2578 491 2663 gerit
511 2578 628 2643 similes
652 2578 782 2642 candida
804 2579 901 2642 turris
923 2599 1017 2653 aves,

165 2682 306 2747 Munera
330 2694 403 2744 sunt
424 2670 585 2757 dominae3
609 2695 682 2764 post
704 2681 835 2767 septima
858 2682 957 2744 lustra
980 2701 1114 2743 reverso

228 2780 297 2844 Has
319 2778 476 2843 Marcella
500 2783 613 2844 domos
634 2801 801 2865 parvaque
822 2764 922 2864 regua
947 2781 1042 2843 tledit.

165 2880 201 2945 Si
223 2881 298 2944 mihi
321 2881 480 2944 Nausiea‘e'
500 2881 625 2969 patrios
647 2886 839 2945 concederet
860 2883 994 2958 hortos,

225 2983 368 3049 Alcinoo
389 2982 518 3065 possein
541 2976 666 3061 dicere,
692 2985 775 3049 malo
799 2970 926 3049 meos.¹
1244 2985 1284 3044 10

380 3114 512 3190 LXIX.
548 3123 729 3223 Eiusdem
760 3122 1064 3215 (Apophor.185.)

162 3235 287 3317 Accipe
308 3234 437 3298 facundi
459 3232 622 3321 Culicem,
646 3234 807 3312 studiose,
831 3233 1004 3311 Maronis,

226 3338 278 3401 Ne
299 3336 394 3421 nugis
416 3335 528 3441 positis
550 3358 643 3425 arma?
661 3337 829 3420 virumque
852 3357 958 3411 canas.

329 3479 442 3543 LXX·
478 3476 659 3543 Eiusdem.
694 3481 869 3542 Lucanus.
905 3473 1005 3553 (Ibid.
1023 3475 1112 3555 194.)

164 3588 243 3653 Sunt
265 3587 415 3673 quidam,
439 3588 494 3671 qui
516 3609 565 3651 me
578 3588 694 3652 'dicunt
716 3608 780 3652 non
804 3598 873 3651 esse
894 3588 1024 3668 po'e'tam
1039 3580 1056 3650 εῐ

227 3693 291 3755 Sed
311 3690 367 3776 qni
388 3711 438 3753 me
460 3691 587 3767 vendit,
606 3689 788 3772 bibliopola
808 3699 915 3772 putat.

430 3828 562 3895 LXXI.
588 3828 781 3911 Eiusdem„
807 3829 865 3908 (L.
890 3828 921 3891 7.
945 3824 1035 3931 90.)

162 3942 265 4006 Iactat
285 3941 480 4024 inaequalem
502 3941 619 4003 Matho
640 3960 690 4003 me
710 3939 828 4003 fecisse
848 3938 1012 4003 libellum:

227 4043 263 4106 Si
287 4064 397 4106 verum
419 4044 485 4117 est,
511 4042 618 4104 laudat
638 4041 776 4104 carmina
799 4044 909 4104 nostra
930 4041 1061 4105 Matho.

161 4144 324 4230 Aequales
346 4143 459 4207 scribit
480 4142 757 4209 librosCaluinus
778 4153 815 4206 et·
832 4125 980 4209 Umlier:¹
1031 4169 1033 4173 ’

225 4246 382 4331 Aequalis
404 4244 494 4313 liber.
507 4255 574 4327 est,
598 4243 745 4324 Cretica,
768 4243 826 4330 qui
847 4245 946 4309 malcus
968 4254 1030 4309 est.
