<?xml version="1.0" encoding="UTF-8"?>
<!DOCTYPE html PUBLIC "-//W3C//DTD XHTML 1.0 Transitional//EN"
    "http://www.w3.org/TR/xhtml1/DTD/xhtml1-transitional.dtd">
<html xmlns="http://www.w3.org/1999/xhtml" xml:lang="en" lang="en">
 <head>
  <title>
</title>
<meta http-equiv="Content-Type" content="text/html;charset=utf-8" />
  <meta name='ocr-system' content='tesseract 3.04.00' />
  <meta name='ocr-capabilities' content='ocr_page ocr_carea ocr_par ocr_line ocrx_word'/>
</head>
<body>
  <div class='ocr_page' id='page_1' title='image "./eclogaepoetarum00orelgoog_0233.png"; bbox 0 0 2782 4762; ppageno 0'>
   <div class='ocr_carea' id='block_1_1' title="bbox 435 727 1045 804">
    <p class='ocr_par' dir='ltr' id='par_1_1' title="bbox 435 727 1045 804">
     <span class='ocr_line' id='line_1_1' title="bbox 435 727 1045 804; baseline -0.003 0"><span class='ocrx_word' id='word_1_1' title='bbox 435 727 764 804; x_wconf 80' lang='lat' dir='ltr'><strong>SULPICIAE</strong></span> <span class='ocrx_word' id='word_1_2' title='bbox 808 727 1045 804; x_wconf 80' lang='lat' dir='ltr'><strong>SATIRA.</strong></span> 
     </span>
    </p>
   </div>
   <div class='ocr_carea' id='block_1_2' title="bbox 136 1095 1174 2711">
    <p class='ocr_par' dir='ltr' id='par_1_2' title="bbox 136 1095 1159 2202">
     <span class='ocr_line' id='line_1_2' title="bbox 219 1095 1159 1182; baseline 0.001 -22"><span class='ocrx_word' id='word_1_3' title='bbox 219 1099 335 1173; x_wconf 88' lang='lat' dir='ltr'><strong>Musa,</strong></span> <span class='ocrx_word' id='word_1_4' title='bbox 361 1095 473 1180; x_wconf 89' lang='lat' dir='ltr'><strong>quihus</strong></span> <span class='ocrx_word' id='word_1_5' title='bbox 495 1098 632 1160; x_wconf 90' lang='lat' dir='ltr'><strong>numeris</strong></span> <span class='ocrx_word' id='word_1_6' title='bbox 656 1100 770 1163; x_wconf 89' lang='lat' dir='ltr'><strong>heroas</strong></span> <span class='ocrx_word' id='word_1_7' title='bbox 795 1109 826 1160; x_wconf 90' lang='lat' dir='ltr'><strong>et</strong></span> <span class='ocrx_word' id='word_1_8' title='bbox 848 1118 933 1159; x_wconf 89' lang='lat' dir='ltr'><strong>arma</strong></span> <span class='ocrx_word' id='word_1_9' title='bbox 957 1097 1159 1182; x_wconf 82' lang='lat' dir='ltr'><strong>frequentas,</strong></span> 
     </span>
     <span class='ocr_line' id='line_1_3' title="bbox 177 1198 938 1281; baseline 0.001 -19"><span class='ocrx_word' id='word_1_10' title='bbox 177 1198 341 1262; x_wconf 82' lang='lat' dir='ltr'>Fabellam</span> <span class='ocrx_word' id='word_1_11' title='bbox 363 1198 514 1280; x_wconf 80' lang='lat' dir='ltr'><strong>permitte</strong></span> <span class='ocrx_word' id='word_1_12' title='bbox 537 1199 611 1261; x_wconf 88' lang='lat' dir='ltr'><strong>mihi</strong></span> <span class='ocrx_word' id='word_1_13' title='bbox 634 1202 784 1262; x_wconf 82' lang='lat' dir='ltr'><strong>detexere</strong></span> <span class='ocrx_word' id='word_1_14' title='bbox 806 1199 938 1281; x_wconf 83' lang='lat' dir='ltr'><strong>paucis:</strong></span> 
     </span>
     <span class='ocr_line' id='line_1_4' title="bbox 136 1300 1010 1390; baseline -0.001 -25"><span class='ocrx_word' id='word_1_15' title='bbox 136 1374 142 1390; x_wconf 45' lang='grc'>,</span> <span class='ocrx_word' id='word_1_16' title='bbox 176 1304 258 1365; x_wconf 88' lang='lat' dir='ltr'><strong>Nam</strong></span> <span class='ocrx_word' id='word_1_17' title='bbox 281 1300 339 1363; x_wconf 88' lang='lat' dir='ltr'><strong>tihi</strong></span> <span class='ocrx_word' id='word_1_18' title='bbox 361 1300 498 1375; x_wconf 88' lang='lat' dir='ltr'><strong>secessi,</strong></span> <span class='ocrx_word' id='word_1_19' title='bbox 523 1313 625 1363; x_wconf 88' lang='lat' dir='ltr'><strong>tecum</strong></span> <span class='ocrx_word' id='word_1_20' title='bbox 648 1303 812 1384; x_wconf 88' lang='lat' dir='ltr'><strong>penetrale</strong></span> <span class='ocrx_word' id='word_1_21' title='bbox 835 1313 1010 1365; x_wconf 88' lang='lat' dir='ltr'><strong>retractans</strong></span> 
     </span>
     <span class='ocr_line' id='line_1_5' title="bbox 179 1402 1072 1481; baseline 0.001 -14"><span class='ocrx_word' id='word_1_22' title='bbox 179 1402 369 1467; x_wconf 88' lang='lat' dir='ltr'><strong>Consilium.</strong></span> <span class='ocrx_word' id='word_1_23' title='bbox 415 1404 522 1481; x_wconf 83' lang='lat' dir='ltr'><strong>Quare</strong></span> <span class='ocrx_word' id='word_1_24' title='bbox 545 1424 604 1465; x_wconf 91' lang='lat' dir='ltr'><strong>nec</strong></span> <span class='ocrx_word' id='word_1_25' title='bbox 625 1403 765 1465; x_wconf 81' lang='lat' dir='ltr'><strong>carmine</strong></span> <span class='ocrx_word' id='word_1_26' title='bbox 789 1425 886 1468; x_wconf 91' lang='lat' dir='ltr'><strong>curro</strong></span> <span class='ocrx_word' id='word_1_27' title='bbox 909 1405 1072 1468; x_wconf 82' lang='lat' dir='ltr'><strong>Phalaeco</strong></span> 
     </span>
     <span class='ocr_line' id='line_1_6' title="bbox 176 1505 1104 1587; baseline 0.001 -19"><span class='ocrx_word' id='word_1_28' title='bbox 176 1507 247 1568; x_wconf 86' lang='lat' dir='ltr'><strong>Nec</strong></span> <span class='ocrx_word' id='word_1_29' title='bbox 267 1505 412 1567; x_wconf 87' lang='lat' dir='ltr'><strong>trimetro</strong></span> <span class='ocrx_word' id='word_1_30' title='bbox 434 1505 541 1567; x_wconf 90' lang='lat' dir='ltr'><strong>iambo</strong></span> <span class='ocrx_word' id='word_1_31' title='bbox 556 1511 640 1580; x_wconf 87' lang='lat' dir='ltr'><strong>uec,</strong></span> <span class='ocrx_word' id='word_1_32' title='bbox 664 1505 719 1587; x_wconf 92' lang='lat' dir='ltr'><strong>qui</strong></span> <span class='ocrx_word' id='word_1_33' title='bbox 741 1508 822 1587; x_wconf 84' lang='lat' dir='ltr'><strong>pede</strong></span> <span class='ocrx_word' id='word_1_34' title='bbox 844 1507 968 1569; x_wconf 87' lang='lat' dir='ltr'><strong>lractus</strong></span> <span class='ocrx_word' id='word_1_35' title='bbox 989 1509 1104 1571; x_wconf 88' lang='lat' dir='ltr'><strong>eodem</strong></span> 
     </span>
     <span class='ocr_line' id='line_1_7' title="bbox 177 1605 917 1672; baseline 0.003 -1"><span class='ocrx_word' id='word_1_36' title='bbox 177 1607 322 1671; x_wconf 87' lang='lat' dir='ltr'><strong>Fortiter</strong></span> <span class='ocrx_word' id='word_1_37' title='bbox 344 1606 438 1669; x_wconf 90' lang='lat' dir='ltr'><strong>irasci</strong></span> <span class='ocrx_word' id='word_1_38' title='bbox 460 1605 570 1669; x_wconf 84' lang='lat' dir='ltr'><strong>didicit</strong></span> <span class='ocrx_word' id='word_1_39' title='bbox 592 1609 673 1670; x_wconf 87' lang='lat' dir='ltr'><strong>duce</strong></span> <span class='ocrx_word' id='word_1_40' title='bbox 695 1607 917 1672; x_wconf 88' lang='lat' dir='ltr'><strong>Clazomenio.</strong></span> 
     </span>
     <span class='ocr_line' id='line_1_8' title="bbox 178 1708 975 1794; baseline -0.001 -21"><span class='ocrx_word' id='word_1_41' title='bbox 178 1708 293 1774; x_wconf 85' lang='lat' dir='ltr'><strong>Cetera</strong></span> <span class='ocrx_word' id='word_1_42' title='bbox 317 1708 522 1793; x_wconf 86' lang='lat' dir='ltr'><strong>quinetiam,</strong></span> <span class='ocrx_word' id='word_1_43' title='bbox 547 1720 627 1792; x_wconf 92' lang='lat' dir='ltr'><strong>quot</strong></span> <span class='ocrx_word' id='word_1_44' title='bbox 649 1709 784 1794; x_wconf 90' lang='lat' dir='ltr'><strong>denique</strong></span> <span class='ocrx_word' id='word_1_45' title='bbox 808 1709 891 1773; x_wconf 91' lang='lat' dir='ltr'><strong>milia</strong></span> <span class='ocrx_word' id='word_1_46' title='bbox 913 1711 975 1773; x_wconf 86' lang='lat' dir='ltr'><strong>lusi</strong></span> 
     </span>
     <span class='ocr_line' id='line_1_9' title="bbox 177 1811 998 1893; baseline -0.002 -17"><span class='ocrx_word' id='word_1_47' title='bbox 177 1811 348 1893; x_wconf 89' lang='lat' dir='ltr'><strong>Primaque</strong></span> <span class='ocrx_word' id='word_1_48' title='bbox 371 1813 533 1874; x_wconf 87' lang='lat' dir='ltr'><strong>Romanas</strong></span> <span class='ocrx_word' id='word_1_49' title='bbox 555 1812 650 1874; x_wconf 88' lang='lat' dir='ltr'><strong>docui</strong></span> <span class='ocrx_word' id='word_1_50' title='bbox 671 1813 866 1874; x_wconf 87' lang='lat' dir='ltr'><strong>contendere</strong></span> <span class='ocrx_word' id='word_1_51' title='bbox 890 1812 998 1874; x_wconf 82' lang='lat' dir='ltr'><strong>Graiis</strong></span> 
     </span>
     <span class='ocr_line' id='line_1_10' title="bbox 176 1912 1009 1989; baseline 0.001 -12"><span class='ocrx_word' id='word_1_52' title='bbox 176 1916 221 1977; x_wconf 88' lang='lat' dir='ltr'><strong>Et</strong></span> <span class='ocrx_word' id='word_1_53' title='bbox 243 1913 362 1975; x_wconf 87' lang='lat' dir='ltr'><strong>salibus</strong></span> <span class='ocrx_word' id='word_1_54' title='bbox 384 1912 509 1976; x_wconf 75' lang='lat' dir='ltr'><strong>variare</strong></span> <span class='ocrx_word' id='word_1_55' title='bbox 531 1912 643 1989; x_wconf 85' lang='lat' dir='ltr'><strong>novis,</strong></span> <span class='ocrx_word' id='word_1_56' title='bbox 668 1923 851 1976; x_wconf 89' lang='lat' dir='ltr'><strong>constanter</strong></span> <span class='ocrx_word' id='word_1_57' title='bbox 874 1913 1009 1989; x_wconf 86' lang='lat' dir='ltr'><strong>omitto;</strong></span> 
     </span>
     <span class='ocr_line' id='line_1_11' title="bbox 177 2013 1060 2098; baseline 0 -19"><span class='ocrx_word' id='word_1_58' title='bbox 177 2018 309 2098; x_wconf 88' lang='lat' dir='ltr'><strong>Teque,</strong></span> <span class='ocrx_word' id='word_1_59' title='bbox 335 2014 449 2098; x_wconf 89' lang='lat' dir='ltr'><strong>quihus</strong></span> <span class='ocrx_word' id='word_1_60' title='bbox 471 2015 623 2096; x_wconf 90' lang='lat' dir='ltr'><strong>princeps</strong></span> <span class='ocrx_word' id='word_1_61' title='bbox 646 2027 677 2077; x_wconf 92' lang='lat' dir='ltr'><strong>et</strong></span> <span class='ocrx_word' id='word_1_62' title='bbox 698 2013 921 2078; x_wconf 84' lang='lat' dir='ltr'><strong>facundissima</strong></span> <span class='ocrx_word' id='word_1_63' title='bbox 944 2016 1060 2091; x_wconf 89' lang='lat' dir='ltr'><strong>calles,</strong></span> 
     </span>
     <span class='ocr_line' id='line_1_12' title="bbox 178 2114 1054 2202; baseline 0 -22"><span class='ocrx_word' id='word_1_64' title='bbox 178 2115 392 2202; x_wconf 83' lang='lat' dir='ltr'><strong>Aggredior:</strong></span> <span class='ocrx_word' id='word_1_65' title='bbox 415 2115 565 2197; x_wconf 90' lang='lat' dir='ltr'><strong>precihus</strong></span> <span class='ocrx_word' id='word_1_66' title='bbox 589 2118 745 2179; x_wconf 88' lang='lat' dir='ltr'><strong>descende</strong></span> <span class='ocrx_word' id='word_1_67' title='bbox 768 2114 891 2180; x_wconf 89' lang='lat' dir='ltr'><strong>clientis</strong></span> <span class='ocrx_word' id='word_1_68' title='bbox 915 2128 946 2179; x_wconf 88' lang='lat' dir='ltr'><strong>et</strong></span> <span class='ocrx_word' id='word_1_69' title='bbox 968 2117 1054 2180; x_wconf 90' lang='lat' dir='ltr'><strong>audi.</strong></span> 
     </span>
    </p>

    <p class='ocr_par' dir='ltr' id='par_1_3' title="bbox 177 2216 1174 2711">
     <span class='ocr_line' id='line_1_13' title="bbox 218 2216 1107 2300; baseline -0.003 -17"><span class='ocrx_word' id='word_1_70' title='bbox 218 2218 282 2283; x_wconf 89' lang='lat' dir='ltr'><strong>Dic</strong></span> <span class='ocrx_word' id='word_1_71' title='bbox 304 2216 396 2294; x_wconf 86' lang='lat' dir='ltr'><strong>mihi,</strong></span> <span class='ocrx_word' id='word_1_72' title='bbox 422 2217 589 2299; x_wconf 88' lang='lat' dir='ltr'><strong>Calliope,</strong></span> <span class='ocrx_word' id='word_1_73' title='bbox 613 2219 761 2300; x_wconf 89' lang='lat' dir='ltr'><strong>quidnam</strong></span> <span class='ocrx_word' id='word_1_74' title='bbox 784 2231 876 2300; x_wconf 88' lang='lat' dir='ltr'><strong>pater</strong></span> <span class='ocrx_word' id='word_1_75' title='bbox 898 2218 952 2282; x_wconf 90' lang='lat' dir='ltr'><strong>ille</strong></span> <span class='ocrx_word' id='word_1_76' title='bbox 975 2221 1107 2282; x_wconf 91' lang='lat' dir='ltr'><strong>deorum</strong></span> 
     </span>
     <span class='ocr_line' id='line_1_14' title="bbox 178 2319 976 2404; baseline -0.005 -18"><span class='ocrx_word' id='word_1_77' title='bbox 178 2319 339 2404; x_wconf 83' lang='lat' dir='ltr'><strong>Cogitat?</strong></span> <span class='ocrx_word' id='word_1_78' title='bbox 362 2341 399 2381; x_wconf 93' lang='lat' dir='ltr'><strong>au</strong></span> <span class='ocrx_word' id='word_1_79' title='bbox 422 2331 525 2382; x_wconf 87' lang='lat' dir='ltr'><strong>terras</strong></span> <span class='ocrx_word' id='word_1_80' title='bbox 549 2330 579 2381; x_wconf 89' lang='lat' dir='ltr'><strong>et</strong></span> <span class='ocrx_word' id='word_1_81' title='bbox 600 2319 701 2402; x_wconf 89' lang='lat' dir='ltr'><strong>patria</strong></span> <span class='ocrx_word' id='word_1_82' title='bbox 724 2321 830 2383; x_wconf 86' lang='lat' dir='ltr'><strong>secula</strong></span> <span class='ocrx_word' id='word_1_83' title='bbox 853 2319 976 2384; x_wconf 84' lang='lat' dir='ltr'><strong>mutat?</strong></span> 
     </span>
     <span class='ocr_line' id='line_1_15' title="bbox 178 2421 1123 2506; baseline -0.002 -20"><span class='ocrx_word' id='word_1_84' title='bbox 178 2425 330 2506; x_wconf 85' lang='lat' dir='ltr'><strong>Quasque</strong></span> <span class='ocrx_word' id='word_1_85' title='bbox 353 2421 437 2484; x_wconf 91' lang='lat' dir='ltr'><strong>dedit</strong></span> <span class='ocrx_word' id='word_1_86' title='bbox 459 2425 640 2504; x_wconf 91' lang='lat' dir='ltr'><strong>quondam,</strong></span> <span class='ocrx_word' id='word_1_87' title='bbox 665 2422 874 2486; x_wconf 88' lang='lat' dir='ltr'><strong>morientibus</strong></span> <span class='ocrx_word' id='word_1_88' title='bbox 896 2422 991 2505; x_wconf 89' lang='lat' dir='ltr'><strong>eripit</strong></span> <span class='ocrx_word' id='word_1_89' title='bbox 1012 2421 1123 2486; x_wconf 87' lang='lat' dir='ltr'><strong>artes?</strong></span> 
     </span>
     <span class='ocr_line' id='line_1_16' title="bbox 177 2523 1002 2609; baseline -0.002 -20"><span class='ocrx_word' id='word_1_90' title='bbox 177 2528 313 2607; x_wconf 89' lang='lat' dir='ltr'><strong>Nosque</strong></span> <span class='ocrx_word' id='word_1_91' title='bbox 335 2523 424 2587; x_wconf 87' lang='lat' dir='ltr'><strong>iubet</strong></span> <span class='ocrx_word' id='word_1_92' title='bbox 444 2524 560 2588; x_wconf 89' lang='lat' dir='ltr'><strong>tacitos</strong></span> <span class='ocrx_word' id='word_1_93' title='bbox 583 2537 615 2586; x_wconf 90' lang='lat' dir='ltr'><strong>et</strong></span> <span class='ocrx_word' id='word_1_94' title='bbox 637 2525 696 2587; x_wconf 84' lang='lat' dir='ltr'><strong>iarn</strong></span> <span class='ocrx_word' id='word_1_95' title='bbox 720 2523 854 2587; x_wconf 84' lang='lat' dir='ltr'><strong>rationis</strong></span> <span class='ocrx_word' id='word_1_96' title='bbox 881 2545 1002 2609; x_wconf 85' lang='lat' dir='ltr'><strong>egenos</strong></span> 
     </span>
     <span class='ocr_line' id='line_1_17' title="bbox 178 2624 1174 2711; baseline 0 -20"><span class='ocrx_word' id='word_1_97' title='bbox 178 2629 256 2691; x_wconf 90' lang='lat' dir='ltr'><strong>Nou</strong></span> <span class='ocrx_word' id='word_1_98' title='bbox 278 2625 395 2701; x_wconf 88' lang='lat' dir='ltr'><strong>aliter,</strong></span> <span class='ocrx_word' id='word_1_99' title='bbox 419 2625 524 2708; x_wconf 89' lang='lat' dir='ltr'><strong>primo</strong></span> <span class='ocrx_word' id='word_1_100' title='bbox 547 2647 640 2709; x_wconf 89' lang='lat' dir='ltr'><strong>quam</strong></span> <span class='ocrx_word' id='word_1_101' title='bbox 664 2647 761 2711; x_wconf 88' lang='lat' dir='ltr'><strong>quom</strong></span> <span class='ocrx_word' id='word_1_102' title='bbox 784 2625 981 2689; x_wconf 83' lang='lat' dir='ltr'><strong>surreximus</strong></span> <span class='ocrx_word' id='word_1_103' title='bbox 1004 2648 1107 2704; x_wconf 89' lang='lat' dir='ltr'><strong>aevo,</strong></span> <span class='ocrx_word' id='word_1_104' title='bbox 1171 2624 1174 2629; x_wconf 70' lang='grc'><strong>’</strong></span> 
     </span>
    </p>
   </div>
   <div class='ocr_carea' id='block_1_3' title="bbox 579 2826 893 2875">
    <p class='ocr_par' dir='ltr' id='par_1_4' title="bbox 579 2826 893 2875">
     <span class='ocr_line' id='line_1_18' title="bbox 579 2826 893 2875; baseline 0.01 -3"><span class='ocrx_word' id='word_1_105' title='bbox 579 2826 748 2872; x_wconf 79' lang='lat' dir='ltr'><strong>SULPlClAE</strong></span> <span class='ocrx_word' id='word_1_106' title='bbox 767 2826 893 2875; x_wconf 77' lang='lat' dir='ltr'><strong>suumn.</strong></span> 
     </span>
    </p>
   </div>
   <div class='ocr_carea' id='block_1_4' title="bbox 177 2939 1308 4243">
    <p class='ocr_par' dir='ltr' id='par_1_5' title="bbox 177 2939 1308 4243">
     <span class='ocr_line' id='line_1_19' title="bbox 249 2939 1301 3003; baseline 0 -17"><span class='ocrx_word' id='word_1_107' title='bbox 249 2941 274 2986; x_wconf 86' lang='grc'><strong>2.</strong></span> <span class='ocrx_word' id='word_1_108' title='bbox 290 2943 366 3002; x_wconf 84' lang='lat' dir='ltr'><strong>poris</strong></span> <span class='ocrx_word' id='word_1_109' title='bbox 385 2942 468 2987; x_wconf 80' lang='lat' dir='ltr'><strong>Heius.</strong></span> <span class='ocrx_word' id='word_1_110' title='bbox 507 2939 530 2988; x_wconf 80' lang='grc'><strong>4.</strong></span> <span class='ocrx_word' id='word_1_111' title='bbox 550 2941 696 3003; x_wconf 68' lang='lat' dir='ltr'><strong>Phalaeceae</strong></span> <span class='ocrx_word' id='word_1_112' title='bbox 718 2941 940 2996; x_wconf 76' lang='lat' dir='ltr'><strong>hendecasyllabos.</strong></span> <span class='ocrx_word' id='word_1_113' title='bbox 963 2955 987 2986; x_wconf 80' lang='lat' dir='ltr'><strong>v.</strong></span> <span class='ocrx_word' id='word_1_114' title='bbox 1011 2956 1033 2987; x_wconf 91' lang='lat' dir='ltr'><strong>o.</strong></span> <span class='ocrx_word' id='word_1_115' title='bbox 1071 2940 1135 3003; x_wconf 81' lang='lat' dir='ltr'><strong>Quoi</strong></span> <span class='ocrx_word' id='word_1_116' title='bbox 1152 2940 1216 2986; x_wconf 85' lang='lat' dir='ltr'><strong>dono</strong></span> <span class='ocrx_word' id='word_1_117' title='bbox 1233 2942 1301 3000; x_wconf 85' lang='lat' dir='ltr'><strong>lepi-</strong></span> 
     </span>
     <span class='ocr_line' id='line_1_20' title="bbox 178 3003 1301 3074; baseline 0.002 -16"><span class='ocrx_word' id='word_1_118' title='bbox 178 3012 237 3058; x_wconf 96' lang='lat' dir='ltr'><strong>dum</strong></span> <span class='ocrx_word' id='word_1_119' title='bbox 257 3025 346 3057; x_wconf 80' lang='lat' dir='ltr'><strong>nouum</strong></span> <span class='ocrx_word' id='word_1_120' title='bbox 372 3009 505 3055; x_wconf 78' lang='lat' dir='ltr'><strong>libellum?-</strong></span> <span class='ocrx_word' id='word_1_121' title='bbox 542 3008 567 3055; x_wconf 90' lang='lat'><strong>5.</strong></span> <span class='ocrx_word' id='word_1_122' title='bbox 588 3013 679 3056; x_wconf 88' lang='lat' dir='ltr'><strong>Scazon</strong></span> <span class='ocrx_word' id='word_1_123' title='bbox 698 3010 873 3067; x_wconf 87' lang='lat' dir='ltr'><strong>Hipponacteus</strong></span> <span class='ocrx_word' id='word_1_124' title='bbox 895 3024 919 3054; x_wconf 82' lang='lat' dir='ltr'><strong>v.</strong></span> <span class='ocrx_word' id='word_1_125' title='bbox 936 3025 960 3055; x_wconf 86' lang='lat' dir='ltr'><strong>c.</strong></span> <span class='ocrx_word' id='word_1_126' title='bbox 998 3003 1016 3060; x_wconf 83' lang='grc' dir='ltr'>ὁ</span> <span class='ocrx_word' id='word_1_127' title='bbox 1040 3006 1230 3074; x_wconf 79' lang='grc' dir='ltr'><strong><em>μουσοποιὸς</em></strong></span> <span class='ocrx_word' id='word_1_128' title='bbox 1252 3008 1301 3060; x_wconf 78' lang='grc' dir='ltr'><strong>ἐν·</strong></span> 
     </span>
     <span class='ocr_line' id='line_1_21' title="bbox 178 3073 1299 3140; baseline -0.004 -10"><span class='ocrx_word' id='word_1_129' title='bbox 178 3076 242 3130; x_wconf 74' lang='lat' dir='ltr'><strong>hoid’</strong></span> <span class='ocrx_word' id='word_1_130' title='bbox 258 3073 400 3140; x_wconf 72' lang='grc' dir='ltr'><em>Ἱππῶναξ</em></span> <span class='ocrx_word' id='word_1_131' title='bbox 411 3083 514 3128; x_wconf 75' lang='grc' dir='ltr'><strong>κεῖται.</strong></span> <span class='ocrx_word' id='word_1_132' title='bbox 534 3079 599 3126; x_wconf 85' lang='lat' dir='ltr'><strong>Male</strong></span> <span class='ocrx_word' id='word_1_133' title='bbox 615 3081 730 3125; x_wconf 81' lang='lat' dir='ltr'><strong>Werasd.</strong></span> <span class='ocrx_word' id='word_1_134' title='bbox 750 3080 845 3124; x_wconf 82' lang='lat' dir='ltr'><strong>volebat</strong></span> <span class='ocrx_word' id='word_1_135' title='bbox 863 3085 977 3137; x_wconf 78' lang='lat' dir='ltr'><strong>tructue;</strong></span> <span class='ocrx_word' id='word_1_136' title='bbox 997 3095 1020 3124; x_wconf 86' lang='lat' dir='ltr'><strong>v.</strong></span> <span class='ocrx_word' id='word_1_137' title='bbox 1034 3081 1140 3125; x_wconf 83' lang='lat' dir='ltr'><strong>Huschk.</strong></span> <span class='ocrx_word' id='word_1_138' title='bbox 1154 3082 1184 3124; x_wconf 86' lang='lat' dir='ltr'><strong>ad</strong></span> <span class='ocrx_word' id='word_1_139' title='bbox 1200 3081 1258 3125; x_wconf 80' lang='lat' dir='ltr'><strong>Tih.</strong></span> <span class='ocrx_word' id='word_1_140' title='bbox 1274 3093 1299 3135; x_wconf 90' lang='lat' dir='ltr'><strong>p.</strong></span> 
     </span>
     <span class='ocr_line' id='line_1_22' title="bbox 180 3146 1301 3208; baseline -0.004 -11"><span class='ocrx_word' id='word_1_141' title='bbox 180 3149 239 3197; x_wconf 76' lang='lat'><strong>679.</strong></span> <span class='ocrx_word' id='word_1_142' title='bbox 278 3147 302 3194; x_wconf 80' lang='lat'><strong>6.</strong></span> <span class='ocrx_word' id='word_1_143' title='bbox 322 3149 398 3194; x_wconf 79' lang='lat' dir='ltr'><strong>discit</strong></span> <span class='ocrx_word' id='word_1_144' title='bbox 419 3150 472 3193; x_wconf 77' lang='lat' dir='ltr'><strong>dld.</strong></span> <span class='ocrx_word' id='word_1_145' title='bbox 493 3146 666 3195; x_wconf 73' lang='lat' dir='ltr'><strong>Clazomenius</strong></span> <span class='ocrx_word' id='word_1_146' title='bbox 684 3150 770 3193; x_wconf 89' lang='lat' dir='ltr'><strong>dicitur</strong></span> <span class='ocrx_word' id='word_1_147' title='bbox 788 3150 929 3204; x_wconf 85' lang='lat' dir='ltr'><strong>Hipponax,</strong></span> <span class='ocrx_word' id='word_1_148' title='bbox 959 3151 1029 3208; x_wconf 92' lang='lat' dir='ltr'><strong>quia,</strong></span> <span class='ocrx_word' id='word_1_149' title='bbox 1055 3163 1126 3206; x_wconf 87' lang='lat' dir='ltr'><strong>quum</strong></span> <span class='ocrx_word' id='word_1_150' title='bbox 1142 3149 1301 3204; x_wconf 84' lang='lat' dir='ltr'><strong>essetEphe-</strong></span> 
     </span>
     <span class='ocr_line' id='line_1_23' title="bbox 178 3216 1300 3277; baseline -0.002 -13"><span class='ocrx_word' id='word_1_151' title='bbox 178 3221 250 3273; x_wconf 85' lang='lat' dir='ltr'><strong>sius,</strong></span> <span class='ocrx_word' id='word_1_152' title='bbox 279 3223 376 3274; x_wconf 89' lang='lat' dir='ltr'><strong>propter</strong></span> <span class='ocrx_word' id='word_1_153' title='bbox 408 3219 575 3277; x_wconf 77' lang='lat' dir='ltr'><strong>Athenagorae</strong></span> <span class='ocrx_word' id='word_1_154' title='bbox 609 3224 633 3263; x_wconf 87' lang='lat' dir='ltr'><strong>et</strong></span> <span class='ocrx_word' id='word_1_155' title='bbox 662 3223 753 3263; x_wconf 86' lang='lat' dir='ltr'><strong>Comae</strong></span> <span class='ocrx_word' id='word_1_156' title='bbox 783 3218 934 3272; x_wconf 75' lang='lat' dir='ltr'><strong>tyrannidem</strong></span> <span class='ocrx_word' id='word_1_157' title='bbox 955 3232 981 3263; x_wconf 85' lang='lat' dir='ltr'><strong>se</strong></span> <span class='ocrx_word' id='word_1_158' title='bbox 1009 3219 1110 3263; x_wconf 84' lang='lat' dir='ltr'><strong>eontulit</strong></span> <span class='ocrx_word' id='word_1_159' title='bbox 1133 3216 1300 3262; x_wconf 82' lang='lat' dir='ltr'><strong>Clazomenas.</strong></span> 
     </span>
     <span class='ocr_line' id='line_1_24' title="bbox 178 3284 1303 3349; baseline -0.003 -16"><span class='ocrx_word' id='word_1_160' title='bbox 178 3287 274 3333; x_wconf 80' lang='lat' dir='ltr'><strong>Floruit</strong></span> <span class='ocrx_word' id='word_1_161' title='bbox 283 3288 347 3333; x_wconf 87' lang='lat' dir='ltr'><strong>circa</strong></span> <span class='ocrx_word' id='word_1_162' title='bbox 358 3286 454 3349; x_wconf 78' lang='lat' dir='ltr'><strong>Qlyrup.</strong></span> <span class='ocrx_word' id='word_1_163' title='bbox 464 3287 546 3336; x_wconf 74' lang='lat' dir='ltr'><strong>Lxx.</strong></span> <span class='ocrx_word' id='word_1_164' title='bbox 568 3284 592 3332; x_wconf 83' lang='lat' dir='ltr'><strong>l.</strong></span> <span class='ocrx_word' id='word_1_165' title='bbox 603 3301 650 3346; x_wconf 81' lang='lat' dir='ltr'><strong>quo</strong></span> <span class='ocrx_word' id='word_1_166' title='bbox 660 3288 715 3332; x_wconf 75' lang='lat' dir='ltr'><strong>Atel.</strong></span> <span class='ocrx_word' id='word_1_167' title='bbox 727 3286 793 3345; x_wconf 86' lang='lat' dir='ltr'><strong>quod</strong></span> <span class='ocrx_word' id='word_1_168' title='bbox 800 3289 900 3331; x_wconf 85' lang='lat' dir='ltr'><strong>Werns.</strong></span> <span class='ocrx_word' id='word_1_169' title='bbox 910 3288 975 3332; x_wconf 88' lang='lat' dir='ltr'><strong>coni.</strong></span> <span class='ocrx_word' id='word_1_170' title='bbox 985 3288 1080 3345; x_wconf 83' lang='lat' dir='ltr'><strong>Reliqui</strong></span> <span class='ocrx_word' id='word_1_171' title='bbox 1090 3291 1155 3346; x_wconf 78' lang='lat' dir='ltr'><strong>quot.</strong></span> <span class='ocrx_word' id='word_1_172' title='bbox 1167 3299 1230 3346; x_wconf 82' lang='lat' dir='ltr'><strong>quoe</strong></span> <span class='ocrx_word' id='word_1_173' title='bbox 1240 3286 1303 3330; x_wconf 86' lang='lat' dir='ltr'><strong>mol·</strong></span> 
     </span>
     <span class='ocr_line' id='line_1_25' title="bbox 177 3352 1302 3412; baseline -0.003 -10"><span class='ocrx_word' id='word_1_174' title='bbox 177 3358 214 3402; x_wconf 84' lang='lat' dir='ltr'><strong>lio</strong></span> <span class='ocrx_word' id='word_1_175' title='bbox 233 3359 316 3402; x_wconf 87' lang='lat' dir='ltr'><strong>Burm.</strong></span> <span class='ocrx_word' id='word_1_176' title='bbox 352 3354 377 3400; x_wconf 86' lang='grc'><strong>8.</strong></span> <span class='ocrx_word' id='word_1_177' title='bbox 396 3355 521 3401; x_wconf 81' lang='lat' dir='ltr'><strong>Romanoa</strong></span> <span class='ocrx_word' id='word_1_178' title='bbox 539 3356 595 3400; x_wconf 75' lang='lat' dir='ltr'><strong>Atd.</strong></span> <span class='ocrx_word' id='word_1_179' title='bbox 612 3358 733 3401; x_wconf 85' lang='lat' dir='ltr'><strong>Schwarz.</strong></span> <span class='ocrx_word' id='word_1_180' title='bbox 754 3355 880 3400; x_wconf 80' lang='lat' dir='ltr'><strong>Romanoa</strong></span> <span class='ocrx_word' id='word_1_181' title='bbox 905 3356 1006 3400; x_wconf 84' lang='lat' dir='ltr'><strong>debetur</strong></span> <span class='ocrx_word' id='word_1_182' title='bbox 1023 3359 1122 3401; x_wconf 83' lang='lat' dir='ltr'><strong>Viueto.</strong></span> <span class='ocrx_word' id='word_1_183' title='bbox 1159 3352 1201 3399; x_wconf 87' lang='grc'><strong>10.</strong></span> <span class='ocrx_word' id='word_1_184' title='bbox 1217 3355 1302 3412; x_wconf 76' lang='lat' dir='ltr'><strong>polles</strong></span> 
     </span>
     <span class='ocr_line' id='line_1_26' title="bbox 178 3420 1303 3484; baseline -0.004 -13"><span class='ocrx_word' id='word_1_185' title='bbox 178 3427 313 3472; x_wconf 85' lang='lat' dir='ltr'><strong>dubitanter</strong></span> <span class='ocrx_word' id='word_1_186' title='bbox 331 3427 396 3470; x_wconf 86' lang='lat' dir='ltr'><strong>coni.</strong></span> <span class='ocrx_word' id='word_1_187' title='bbox 417 3427 501 3470; x_wconf 88' lang='lat' dir='ltr'><strong>Burm.</strong></span> <span class='ocrx_word' id='word_1_188' title='bbox 520 3424 622 3470; x_wconf 89' lang='lat' dir='ltr'><strong>Petrou.</strong></span> <span class='ocrx_word' id='word_1_189' title='bbox 643 3441 665 3470; x_wconf 85' lang='lat' dir='ltr'><strong>o.</strong></span> <span class='ocrx_word' id='word_1_190' title='bbox 687 3422 745 3470; x_wconf 82' lang='lat'><strong>135.</strong></span> <span class='ocrx_word' id='word_1_191' title='bbox 765 3423 806 3468; x_wconf 81' lang='lat' dir='ltr'><strong>hie</strong></span> <span class='ocrx_word' id='word_1_192' title='bbox 824 3437 872 3484; x_wconf 82' lang='lat' dir='ltr'><strong>ego</strong></span> <span class='ocrx_word' id='word_1_193' title='bbox 889 3425 986 3469; x_wconf 81' lang='lat' dir='ltr'><strong>callens</strong></span> <span class='ocrx_word' id='word_1_194' title='bbox 1002 3424 1110 3470; x_wconf 75' lang='lat' dir='ltr'><strong>artibus.</strong></span> <span class='ocrx_word' id='word_1_195' title='bbox 1149 3420 1191 3468; x_wconf 81' lang='lat'><strong>1³.</strong></span> <span class='ocrx_word' id='word_1_196' title='bbox 1211 3423 1239 3467; x_wconf 89' lang='lat' dir='ltr'><strong>in</strong></span> <span class='ocrx_word' id='word_1_197' title='bbox 1253 3437 1303 3480; x_wconf 83' lang='lat' dir='ltr'><strong>pu·</strong></span> 
     </span>
     <span class='ocr_line' id='line_1_27' title="bbox 178 3491 1303 3552; baseline -0.004 -11"><span class='ocrx_word' id='word_1_198' title='bbox 178 3497 230 3542; x_wconf 78' lang='lat' dir='ltr'><strong>iria</strong></span> <span class='ocrx_word' id='word_1_199' title='bbox 249 3497 334 3540; x_wconf 82' lang='lat' dir='ltr'><strong>Heius.</strong></span> <span class='ocrx_word' id='word_1_200' title='bbox 353 3495 468 3539; x_wconf 87' lang='lat' dir='ltr'><strong>Bouhier.</strong></span> <span class='ocrx_word' id='word_1_201' title='bbox 518 3492 560 3539; x_wconf 77' lang='lat' dir='ltr'><strong>ll.</strong></span> <span class='ocrx_word' id='word_1_202' title='bbox 588 3494 759 3538; x_wconf 79' lang='lat' dir='ltr'><strong>moerentibus</strong></span> <span class='ocrx_word' id='word_1_203' title='bbox 777 3494 855 3537; x_wconf 90' lang='lat' dir='ltr'><strong>Bouh.</strong></span> <span class='ocrx_word' id='word_1_204' title='bbox 902 3491 944 3538; x_wconf 89' lang='lat'><strong>15.</strong></span> <span class='ocrx_word' id='word_1_205' title='bbox 962 3508 1030 3552; x_wconf 91' lang='lat' dir='ltr'><strong>seqq.</strong></span> <span class='ocrx_word' id='word_1_206' title='bbox 1050 3506 1135 3538; x_wconf 84' lang='lat' dir='ltr'><strong>versus</strong></span> <span class='ocrx_word' id='word_1_207' title='bbox 1153 3494 1198 3537; x_wconf 91' lang='lat' dir='ltr'><strong>hoe</strong></span> <span class='ocrx_word' id='word_1_208' title='bbox 1217 3493 1303 3537; x_wconf 81' lang='lat' dir='ltr'><strong>ordine</strong></span> 
     </span>
     <span class='ocr_line' id='line_1_28' title="bbox 181 3560 1304 3624; baseline -0.004 -13"><span class='ocrx_word' id='word_1_209' title='bbox 181 3565 278 3611; x_wconf 78' lang='lat' dir='ltr'><strong>exhibet</strong></span> <span class='ocrx_word' id='word_1_210' title='bbox 294 3566 348 3609; x_wconf 76' lang='grc' dir='ltr'><strong>ΑΜ.</strong></span> <span class='ocrx_word' id='word_1_211' title='bbox 365 3562 465 3624; x_wconf 81' lang='lat' dir='ltr'><strong>Nosque</strong></span> <span class='ocrx_word' id='word_1_212' title='bbox 483 3583 517 3597; x_wconf 93' lang='lat'>-</span> <span class='ocrx_word' id='word_1_213' title='bbox 535 3561 602 3624; x_wconf 81' lang='lat' dir='ltr'><strong>Quid</strong></span> <span class='ocrx_word' id='word_1_214' title='bbox 611 3583 646 3595; x_wconf 95' lang='lat'>-</span> <span class='ocrx_word' id='word_1_215' title='bbox 658 3561 737 3608; x_wconf 79' lang='lat' dir='ltr'><strong>Romu</strong></span> <span class='ocrx_word' id='word_1_216' title='bbox 749 3581 783 3595; x_wconf 91' lang='lat'>-</span> <span class='ocrx_word' id='word_1_217' title='bbox 794 3561 845 3607; x_wconf 85' lang='lat' dir='ltr'><strong>Sed</strong></span> <span class='ocrx_word' id='word_1_218' title='bbox 861 3562 941 3607; x_wconf 74' lang='lat' dir='ltr'><strong>uirtus</strong></span> <span class='ocrx_word' id='word_1_219' title='bbox 954 3586 987 3597; x_wconf 88' lang='lat'><em>-</em></span> <span class='ocrx_word' id='word_1_220' title='bbox 999 3562 1055 3608; x_wconf 90' lang='lat' dir='ltr'><strong>Non</strong></span> <span class='ocrx_word' id='word_1_221' title='bbox 1068 3587 1101 3597; x_wconf 93' lang='lat'>-</span> <span class='ocrx_word' id='word_1_222' title='bbox 1114 3560 1256 3607; x_wconf 78' lang='lat' dir='ltr'><strong>Glandibus</strong></span> <span class='ocrx_word' id='word_1_223' title='bbox 1268 3581 1304 3595; x_wconf 90' lang='lat'><strong>·-</strong></span> 
     </span>
     <span class='ocr_line' id='line_1_29' title="bbox 179 3628 1302 3694; baseline -0.007 -14"><span class='ocrx_word' id='word_1_224' title='bbox 179 3632 219 3680; x_wconf 75' lang='lat' dir='ltr'><strong>An</strong></span> <span class='ocrx_word' id='word_1_225' title='bbox 235 3633 340 3679; x_wconf 89' lang='lat' dir='ltr'><strong>-Sed</strong></span> <span class='ocrx_word' id='word_1_226' title='bbox 357 3647 438 3694; x_wconf 78' lang='lat' dir='ltr'><strong>genua</strong></span> <span class='ocrx_word' id='word_1_227' title='bbox 455 3652 491 3664; x_wconf 93' lang='lat'>-</span> <span class='ocrx_word' id='word_1_228' title='bbox 507 3631 538 3676; x_wconf 86' lang='lat' dir='ltr'><strong>ln</strong></span> <span class='ocrx_word' id='word_1_229' title='bbox 548 3629 624 3690; x_wconf 81' lang='lat' dir='ltr'><strong>freto</strong></span> <span class='ocrx_word' id='word_1_230' title='bbox 644 3654 671 3666; x_wconf 93' lang='lat'>-</span> <span class='ocrx_word' id='word_1_231' title='bbox 693 3628 838 3690; x_wconf 70' lang='lat' dir='ltr'><strong>ceteraque.</strong></span> <span class='ocrx_word' id='word_1_232' title='bbox 883 3632 956 3676; x_wconf 88' lang='lat' dir='ltr'><strong>Recte</strong></span> <span class='ocrx_word' id='word_1_233' title='bbox 976 3647 1017 3677; x_wconf 85' lang='lat' dir='ltr'><strong>eos</strong></span> <span class='ocrx_word' id='word_1_234' title='bbox 1037 3632 1186 3686; x_wconf 83' lang='lat' dir='ltr'><strong>transposuit</strong></span> <span class='ocrx_word' id='word_1_235' title='bbox 1202 3631 1302 3682; x_wconf 84' lang='lat' dir='ltr'><strong>Douza,</strong></span> 
     </span>
     <span class='ocr_line' id='line_1_30' title="bbox 179 3698 1303 3762; baseline -0.008 -12"><span class='ocrx_word' id='word_1_236' title='bbox 179 3704 225 3752; x_wconf 85' lang='lat' dir='ltr'><strong>nisi</strong></span> <span class='ocrx_word' id='word_1_237' title='bbox 253 3704 315 3762; x_wconf 86' lang='lat' dir='ltr'><strong>quod</strong></span> <span class='ocrx_word' id='word_1_238' title='bbox 343 3717 366 3748; x_wconf 87' lang='lat' dir='ltr'><strong>v.</strong></span> <span class='ocrx_word' id='word_1_239' title='bbox 395 3700 437 3747; x_wconf 81' lang='grc'><strong>21.</strong></span> <span class='ocrx_word' id='word_1_240' title='bbox 458 3699 586 3746; x_wconf 82' lang='lat' dir='ltr'><strong>collocavit</strong></span> <span class='ocrx_word' id='word_1_241' title='bbox 603 3705 656 3745; x_wconf 90' lang='lat' dir='ltr'><strong>ante</strong></span> <span class='ocrx_word' id='word_1_242' title='bbox 676 3698 718 3745; x_wconf 87' lang='grc'><strong>23.</strong></span> <span class='ocrx_word' id='word_1_243' title='bbox 738 3700 846 3745; x_wconf 87' lang='lat' dir='ltr'><strong>scribens</strong></span> <span class='ocrx_word' id='word_1_244' title='bbox 865 3707 949 3744; x_wconf 82' lang='lat' dir='ltr'><strong>celero</strong></span> <span class='ocrx_word' id='word_1_245' title='bbox 967 3715 1039 3760; x_wconf 83' lang='lat' dir='ltr'><strong>quae.</strong></span> <span class='ocrx_word' id='word_1_246' title='bbox 1088 3699 1129 3746; x_wconf 88' lang='grc'><strong>15.</strong></span> <span class='ocrx_word' id='word_1_247' title='bbox 1149 3700 1225 3745; x_wconf 82' lang='lat' dir='ltr'><strong>etium</strong></span> <span class='ocrx_word' id='word_1_248' title='bbox 1246 3699 1303 3743; x_wconf 74' lang='lat' dir='ltr'><strong>Ald-</strong></span> 
     </span>
     <span class='ocr_line' id='line_1_31' title="bbox 181 3767 1302 3832; baseline -0.004 -16"><span class='ocrx_word' id='word_1_249' title='bbox 181 3770 223 3817; x_wconf 79' lang='lat'><strong>17.</strong></span> <span class='ocrx_word' id='word_1_250' title='bbox 246 3786 401 3832; x_wconf 86' lang='lat' dir='ltr'><strong>procurrere</strong></span> <span class='ocrx_word' id='word_1_251' title='bbox 426 3772 480 3815; x_wconf 78' lang='lat' dir='ltr'><strong>Ald.</strong></span> <span class='ocrx_word' id='word_1_252' title='bbox 506 3769 671 3828; x_wconf 80' lang='lat' dir='ltr'><strong>procumbere</strong></span> <span class='ocrx_word' id='word_1_253' title='bbox 701 3770 801 3814; x_wconf 81' lang='lat' dir='ltr'><strong>debetur</strong></span> <span class='ocrx_word' id='word_1_254' title='bbox 828 3769 939 3814; x_wconf 90' lang='lat' dir='ltr'><strong>Pithoeo.</strong></span> <span class='ocrx_word' id='word_1_255' title='bbox 1005 3768 1048 3815; x_wconf 83' lang='lat'><strong>1⁹.</strong></span> <span class='ocrx_word' id='word_1_256' title='bbox 1073 3767 1219 3828; x_wconf 79' lang='lat' dir='ltr'><strong>Romulique</strong></span> <span class='ocrx_word' id='word_1_257' title='bbox 1245 3767 1302 3812; x_wconf 75' lang='lat' dir='ltr'><strong>ute.</strong></span> 
     </span>
     <span class='ocr_line' id='line_1_32' title="bbox 179 3837 1303 3900; baseline -0.005 -14"><span class='ocrx_word' id='word_1_258' title='bbox 179 3839 307 3900; x_wconf 80' lang='lat' dir='ltr'><strong>Romlique</strong></span> <span class='ocrx_word' id='word_1_259' title='bbox 344 3842 440 3896; x_wconf 88' lang='lat' dir='ltr'><strong>Sciopp.</strong></span> <span class='ocrx_word' id='word_1_260' title='bbox 475 3838 593 3898; x_wconf 82' lang='lat' dir='ltr'><strong>Remipue</strong></span> <span class='ocrx_word' id='word_1_261' title='bbox 626 3839 736 3883; x_wconf 83' lang='lat' dir='ltr'><strong>Floreat.</strong></span> <span class='ocrx_word' id='word_1_262' title='bbox 767 3840 903 3894; x_wconf 78' lang='lat' dir='ltr'><strong>exemplar,</strong></span> <span class='ocrx_word' id='word_1_263' title='bbox 934 3837 1078 3897; x_wconf 82' lang='lat' dir='ltr'><strong>Remulipue</strong></span> <span class='ocrx_word' id='word_1_264' title='bbox 1105 3839 1203 3892; x_wconf 81' lang='lat' dir='ltr'><strong>Douza,</strong></span> <span class='ocrx_word' id='word_1_265' title='bbox 1235 3837 1303 3881; x_wconf 87' lang='lat' dir='ltr'><strong>cuius</strong></span> 
     </span>
     <span class='ocr_line' id='line_1_33' title="bbox 181 3903 1302 3966; baseline -0.004 -12"><span class='ocrx_word' id='word_1_266' title='bbox 181 3910 274 3956; x_wconf 80' lang='lat' dir='ltr'><strong>formae</strong></span> <span class='ocrx_word' id='word_1_267' title='bbox 301 3912 366 3955; x_wconf 84' lang='lat' dir='ltr'><strong>aliud</strong></span> <span class='ocrx_word' id='word_1_268' title='bbox 390 3910 526 3964; x_wconf 83' lang='lat' dir='ltr'><strong>exemplum</strong></span> <span class='ocrx_word' id='word_1_269' title='bbox 549 3908 640 3952; x_wconf 86' lang='lat' dir='ltr'><strong>nullum</strong></span> <span class='ocrx_word' id='word_1_270' title='bbox 664 3912 750 3952; x_wconf 84' lang='lat' dir='ltr'><strong>exstat.</strong></span> <span class='ocrx_word' id='word_1_271' title='bbox 787 3908 848 3951; x_wconf 77' lang='lat' dir='ltr'><strong>ilinc</strong></span> <span class='ocrx_word' id='word_1_272' title='bbox 866 3912 944 3951; x_wconf 89' lang='lat' dir='ltr'><strong>tamen</strong></span> <span class='ocrx_word' id='word_1_273' title='bbox 962 3908 986 3951; x_wconf 89' lang='lat' dir='ltr'><strong>ia</strong></span> <span class='ocrx_word' id='word_1_274' title='bbox 1006 3909 1090 3966; x_wconf 80' lang='lat' dir='ltr'><strong>Epigr.</strong></span> <span class='ocrx_word' id='word_1_275' title='bbox 1111 3908 1193 3961; x_wconf 69' lang='lat' dir='ltr'><strong>crate.</strong></span> <span class='ocrx_word' id='word_1_276' title='bbox 1215 3904 1257 3951; x_wconf 87' lang='grc'><strong>19.</strong></span> <span class='ocrx_word' id='word_1_277' title='bbox 1276 3903 1302 3950; x_wconf 92' lang='grc'><strong>2.</strong></span> 
     </span>
     <span class='ocr_line' id='line_1_34' title="bbox 180 3969 1304 4040; baseline 0 -18"><span class='ocrx_word' id='word_1_278' title='bbox 180 3978 262 4035; x_wconf 76' lang='lat' dir='ltr'><strong>(Anah.</strong></span> <span class='ocrx_word' id='word_1_279' title='bbox 290 3979 345 4023; x_wconf 80' lang='lat' dir='ltr'><strong>Pet.</strong></span> <span class='ocrx_word' id='word_1_280' title='bbox 371 3980 391 4022; x_wconf 88' lang='lat'><strong>1.</strong></span> <span class='ocrx_word' id='word_1_281' title='bbox 417 3993 441 4034; x_wconf 85' lang='lat' dir='ltr'><strong>p.</strong></span> <span class='ocrx_word' id='word_1_282' title='bbox 473 3974 527 4032; x_wconf 79' lang='lat'><strong>⁶5.)</strong></span> <span class='ocrx_word' id='word_1_283' title='bbox 557 3991 601 4032; x_wconf 86' lang='lat' dir='ltr'><strong>pro</strong></span> <span class='ocrx_word' id='word_1_284' title='bbox 628 3970 742 4040; x_wconf 74' lang='grc' dir='ltr'><strong><em>Ῥῆμόν</em></strong></span> <span class='ocrx_word' id='word_1_285' title='bbox 765 3988 797 4024; x_wconf 83' lang='grc' dir='ltr'><strong>τε</strong></span> <span class='ocrx_word' id='word_1_286' title='bbox 820 3970 915 4036; x_wconf 70' lang='lat' dir='ltr'><strong>§orda</strong></span> <span class='ocrx_word' id='word_1_287' title='bbox 943 3975 995 4024; x_wconf 75' lang='grc' dir='ltr'><strong>καὶ</strong></span> <span class='ocrx_word' id='word_1_288' title='bbox 1015 3969 1168 4039; x_wconf 79' lang='grc' dir='ltr'><strong><em>Ῥωμύλον</em></strong></span> <span class='ocrx_word' id='word_1_289' title='bbox 1194 3971 1304 4034; x_wconf 80' lang='grc' dir='ltr'><em>λεχέων</em></span> 
     </span>
     <span class='ocr_line' id='line_1_35' title="bbox 180 4038 1305 4108; baseline -0.002 -16"><span class='ocrx_word' id='word_1_290' title='bbox 180 4048 320 4095; x_wconf 84' lang='lat' dir='ltr'><strong>Viscontius</strong></span> <span class='ocrx_word' id='word_1_291' title='bbox 338 4048 425 4092; x_wconf 84' lang='lat' dir='ltr'><strong>Museo</strong></span> <span class='ocrx_word' id='word_1_292' title='bbox 445 4047 623 4092; x_wconf 88' lang='lat' dir='ltr'><strong>Pio-Clement.</strong></span> <span class='ocrx_word' id='word_1_293' title='bbox 644 4044 668 4089; x_wconf 89' lang='lat'><strong>5.</strong></span> <span class='ocrx_word' id='word_1_294' title='bbox 689 4059 712 4100; x_wconf 90' lang='lat' dir='ltr'><strong>p.</strong></span> <span class='ocrx_word' id='word_1_295' title='bbox 733 4041 776 4088; x_wconf 86' lang='lat' dir='ltr'><strong>l8.</strong></span> <span class='ocrx_word' id='word_1_296' title='bbox 795 4045 841 4088; x_wconf 85' lang='lat' dir='ltr'><strong>Ed.</strong></span> <span class='ocrx_word' id='word_1_297' title='bbox 861 4045 932 4090; x_wconf 85' lang='lat' dir='ltr'><strong>Rom.</strong></span> <span class='ocrx_word' id='word_1_298' title='bbox 954 4048 1011 4102; x_wconf 75' lang='lat' dir='ltr'><strong>legit</strong></span> <span class='ocrx_word' id='word_1_299' title='bbox 1026 4039 1142 4108; x_wconf 79' lang='grc' dir='ltr'><strong><em>Ῥῶμον</em></strong></span> <span class='ocrx_word' id='word_1_300' title='bbox 1158 4057 1191 4092; x_wconf 69' lang='grc' dir='ltr'><strong>τε</strong></span> <span class='ocrx_word' id='word_1_301' title='bbox 1209 4038 1305 4104; x_wconf 68' lang='lat' dir='ltr'><strong>§undar</strong></span> 
     </span>
     <span class='ocr_line' id='line_1_36' title="bbox 181 4111 1305 4180; baseline -0.009 -15"><span class='ocrx_word' id='word_1_302' title='bbox 181 4114 234 4165; x_wconf 80' lang='grc' dir='ltr'><strong>καὶ</strong></span> <span class='ocrx_word' id='word_1_303' title='bbox 248 4111 390 4180; x_wconf 77' lang='grc' dir='ltr'><strong><em>Ῥέμυλον</em></strong></span> <span class='ocrx_word' id='word_1_304' title='bbox 408 4113 516 4176; x_wconf 78' lang='grc' dir='ltr'><em>λεχέων</em></span> <span class='ocrx_word' id='word_1_305' title='bbox 526 4128 535 4160; x_wconf 91' lang='grc'><strong>.·</strong></span> <span class='ocrx_word' id='word_1_306' title='bbox 554 4115 642 4170; x_wconf 84' lang='lat' dir='ltr'><strong>duplici</strong></span> <span class='ocrx_word' id='word_1_307' title='bbox 661 4114 764 4158; x_wconf 73' lang='lat' dir='ltr'><strong>licentia.</strong></span> <span class='ocrx_word' id='word_1_308' title='bbox 815 4114 861 4158; x_wconf 85' lang='lat' dir='ltr'><strong>Sed</strong></span> <span class='ocrx_word' id='word_1_309' title='bbox 880 4115 935 4171; x_wconf 89' lang='lat' dir='ltr'><strong>quia</strong></span> <span class='ocrx_word' id='word_1_310' title='bbox 952 4115 993 4158; x_wconf 82' lang='lat' dir='ltr'><strong>rix</strong></span> <span class='ocrx_word' id='word_1_311' title='bbox 1010 4115 1126 4168; x_wconf 76' lang='lat' dir='ltr'><strong>inducor,</strong></span> <span class='ocrx_word' id='word_1_312' title='bbox 1157 4117 1183 4157; x_wconf 86' lang='lat' dir='ltr'><strong>ut</strong></span> <span class='ocrx_word' id='word_1_313' title='bbox 1201 4117 1305 4157; x_wconf 86' lang='lat' dir='ltr'><strong>statuam</strong></span> 
     </span>
     <span class='ocr_line' id='line_1_37' title="bbox 181 4181 1308 4243; baseline -0.005 -11"><span class='ocrx_word' id='word_1_314' title='bbox 181 4187 311 4233; x_wconf 85' lang='lat' dir='ltr'><strong>indulsisse</strong></span> <span class='ocrx_word' id='word_1_315' title='bbox 331 4186 377 4231; x_wconf 86' lang='lat' dir='ltr'><strong>sihi</strong></span> <span class='ocrx_word' id='word_1_316' title='bbox 397 4187 537 4243; x_wconf 87' lang='lat' dir='ltr'><strong>quaudoque</strong></span> <span class='ocrx_word' id='word_1_317' title='bbox 555 4184 655 4229; x_wconf 85' lang='lat' dir='ltr'><strong>Latinos</strong></span> <span class='ocrx_word' id='word_1_318' title='bbox 673 4184 698 4228; x_wconf 90' lang='lat' dir='ltr'><strong>ia</strong></span> <span class='ocrx_word' id='word_1_319' title='bbox 715 4184 829 4239; x_wconf 85' lang='lat' dir='ltr'><strong>prosodia</strong></span> <span class='ocrx_word' id='word_1_320' title='bbox 847 4196 869 4228; x_wconf 83' lang='lat' dir='ltr'><strong>r.</strong></span> <span class='ocrx_word' id='word_1_321' title='bbox 889 4181 1023 4238; x_wconf 84' lang='lat' dir='ltr'><strong>Romulae,</strong></span> <span class='ocrx_word' id='word_1_322' title='bbox 1043 4188 1069 4228; x_wconf 90' lang='lat' dir='ltr'><strong>ut</strong></span> <span class='ocrx_word' id='word_1_323' title='bbox 1087 4184 1110 4228; x_wconf 90' lang='lat' dir='ltr'><strong>in</strong></span> <span class='ocrx_word' id='word_1_324' title='bbox 1129 4181 1235 4227; x_wconf 75' lang='lat' dir='ltr'><strong>Sicania</strong></span> <span class='ocrx_word' id='word_1_325' title='bbox 1252 4187 1308 4227; x_wconf 85' lang='lat' dir='ltr'><strong>cet.</strong></span> 
     </span>
    </p>
   </div>
   <div class='ocr_carea' id='block_1_5' title="bbox 0 0 1402 4762">
    <p class='ocr_par' dir='ltr' id='par_1_6' title="bbox 0 0 1402 4762">
     <span class='ocr_line' id='line_1_38' title="bbox 0 0 1402 4762; baseline 0 0"><span class='ocrx_word' id='word_1_326' title='bbox 0 0 1402 4762; x_wconf 95' lang='lat' dir='ltr'><strong> </strong></span> 
     </span>
    </p>
   </div>
  </div>
 </body>
</html>
