2782 4762
177 170 240 235 290

239 326 293 389 Ad
316 325 410 388 vitam
435 322 592 408 antiquam
615 319 675 391 iam
698 339 898 403 revocasque
920 320 1035 393 decus,

177 427 316 491 Movisti
339 429 492 507 supcrdm
514 425 679 499 invidiam,
701 422 925 506 indignataquc
948 423 1046 484 Mors
1069 429 1137 496 cst,

177 576 179 587 ,
247 532 295 591 'l'e
319 531 433 590 dudum
458 527 619 589 exstinctis
641 527 775 588 reddere
797 544 893 606 posse
917 523 1048 585 aniuiam
1258 522 1300 580 10

175 631 236 705 Et,
260 632 347 713 quod
368 630 464 711 longa
490 627 555 691 dics
584 628 747 709 paullatim
771 626 976 700 aboleverat,
1003 625 1065 688 hoc
1088 633 1119 685 te

237 731 375 796 Mortali
397 741 503 811 spreta
526 731 600 812 lege
622 749 739 810 parare
760 726 891 789 iterum.
936 742 939 747 ·

174 834 230 897 Sic
252 835 347 895 misor
369 834 430 918 lieu
453 831 555 912 prima
579 831 664 894 cadis
686 829 862 909 intercepte
884 828 1031 905 iuventa,

237 933 360 998 Deberi
383 946 416 997 et
438 932 544 997 Morti
565 944 739 1015 nostraque
762 952 885 1013 nosque
907 951 1030 993 mones.

312 1093 440 1156 CXXI.
484 1087 612 1171 Angeli
634 1087 810 1152 Politiaui.
854 1090 896 1154 lu
917 1087 1156 1183 Simoueltom.

176 1220 261 1283 Dum
284 1220 417 1300 pulchra
440 1219 572 1279 effertur
595 1216 693 1301 virgo
717 1217 892 1281 Simonetta
915 1219 1089 1298 pheretro,

238 1323 379 1384 Blandus
403 1332 434 1382 et
456 1320 591 1383 exanimi
612 1320 713 1401 spirat
734 1319 764 1381 in
788 1341 845 1382 ore
868 1321 980 1400 lepos,

173 1425 298 1486 Nactus
322 1426 426 1486 Amor
450 1433 590 1502 tempus,
615 1443 680 1505 quo
703 1443 767 1483 non
790 1422 850 1483 sibi
873 1423 966 1482 turba
991 1430 1139 1497 caveret,

237 1524 319 1587 lecit
342 1527 382 1585 ab
405 1522 540 1585 occlusis
564 1523 650 1585 mille
672 1523 759 1586 saeos
783 1525 898 1587 oculis.

173 1625 269 1688 Mille
292 1626 413 1688 animos
436 1624 520 1705 cepit
542 1625 680 1687 viventis
702 1625 840 1708 imagine
863 1625 947 1687 risus

235 1728 287 1790 Ac
308 1727 416 1790 Morti
435 1727 606 1790 insultans:
630 1729 690 1789 Est
713 1748 803 1803 mea,
827 1727 929 1802 dixit,
954 1729 1075 1789 adhuc:

171 1829 232 1892 Est
254 1851 343 1905 mea,
369 1808 471 1917 dixit,
492 1831 614 1904 adlmc,
640 1831 777 1892 nondum
801 1840 900 1894 totam
924 1829 1019 1912 eripis
1042 1828 1149 1891 illam:

235 1932 295 1994 Illa
318 1932 370 1996 vel
394 1930 545 1993 exanimis
570 1931 681 1993 militat
704 1952 779 1993 ecce
801 1931 888 1994 mihi.

170 2031 263 2097 Dixit
286 2043 317 2095 ct
339 2033 512 2117 ingemuit:
537 2054 639 2118 neque
662 2033 742 2095 onim
766 2032 840 2095 satis
864 2044 939 2114 apta
961 2032 1128 2115 triumphis

236 2134 294 2197 llla
315 2155 395 2217 puer
419 2134 495 2225 vidit
518 2146 680 2217 tempora,
704 2137 760 2197 sed
782 2134 934 2199 lacrimis,
1251 2136 1294 2196 10

310 2293 457 2357 CXXII.
491 2291 586 2355 Petri
606 2292 736 2354 Bembi.
782 2290 922 2356 Titulus
944 2293 1141 2375 Raplradlis.

171 2419 232 2482 Ille
254 2418 307 2481 hic
330 2431 378 2483 cst
399 2421 568 2501 Raphae'l,
592 2421 695 2483 timuit
717 2443 782 2503 quo
804 2421 926 2505 sospite
948 2424 1034 2486 vinci
1094 2477 1096 2481 .

231 2522 351 2584 Rerum
375 2544 488 2621 magna
511 2545 626 2605 parens
649 2535 680 2587 et
703 2523 860 2588 moriente
883 2524 978 2588 mori.

197 2681 361 2746 CXXIII.
396 2680 601 2783 dloymrmdl
622 2681 778 2746 Crsuicliii
799 2681 858 2746 Ad
877 2681 1095 2746 Benedictum
1117 2682 1254 2746 Staium

454 2784 573 2846 Bemlu‘
594 2783 764 2847 distichon
785 2785 997 2848 laridantcm.

164 2893 309 2968 ,Morte
326 2892 408 2955 mori
429 2892 534 2955 timuit
555 2892 689 2975 pictoris
711 2893 846 2958 maxima
869 2914 974 2957 rerum

226 2992 287 3058 Illa
309 2995 473 3076 porensr''
496 2994 527 3057 id
549 3006 584 3058 tu
606 2995 766 3072 scribere,
792 2997 934 3070 Bembc,
958 2995 1077 3078 potes?

164 3098 203 3160 Id
224 3097 377 3178 scriptum
399 3097 528 3159 laudare
550 3109 663 3178 potes,
687 3109 721 3161 tu
744 3097 876 3160 candide
899 3098 988 3174 Stai,

228 3199 325 3278 Quod
346 3196 530 3279 scripsisse,
555 3197 642 3276 scio,
667 3211 855 3263 nontamen
878 3199 946 3281 ipse
970 3199 1076 3263 velis:

162 3298 265 3366 Cuius
287 3300 319 3362 in
342 3300 481 3364 aureolis
503 3301 630 3381 sapiens
652 3322 818 3384 veraxque
841 3300 955 3364 libellis
1266 3305 1286 3367 5

224 3404 320 3465 Haud
342 3422 473 3484 iuquam
496 3424 608 3465 verum
632 3404 729 3466 Musa
752 3403 1030 3487 supergreditur?

162 3502 225 3567 Cui
247 3504 323 3567 nihil
345 3502 368 3566 it
390 3504 468 3566 fines
491 3507 573 3567 ultra
596 3526 655 3567 nec
677 3500 832 3568 maximus
855 3505 946 3570 orbis
1098 3501 1102 3507 ’

223 3606 352 3669 Iactura
374 3605 465 3669 unius
488 3605 612 3669 corruit
635 3605 666 3668 in
690 3606 826 3689 capitis?

159 3762 312 3830 CXXIV
312 3806 322 3827 ·
362 3732 542 3828 Eiusdem.
572 3763 715 3828 Mariae
736 3765 926 3845 Pizzelliae
943 3732 1284 3855 MnffeiiMcropen

569 3865 651 3928 miri
669 3890 719 3929 ece
741 3868 873 3950 agenti.

159 3975 256 4056 Quod
278 3986 462 4057 caputcsse
485 3976 562 4039 artis
585 3977 710 4041 dicebat
732 3977 895 4056 Roscius,
919 4000 1016 4047 unum

217 4078 318 4155 ,Quod
340 4099 405 4157 non
427 4100 522 4159 posse
544 4079 608 4144 ulla
630 4077 840 4147 tradierarte
862 4091 987 4167 tauron-2
1115 4131 1118 4136 -

158 4179 195 4242 ld
218 4179 274 4263 pol
296 4200 360 4263 ego
383 4179 460 4262 quid
481 4181 521 4245 sit
544 4178 627 4260 ridi,
651 4180 827 4259 Pizzellla',
853 4184 926 4247 dum
949 4196 985 4247 tu
