2782 4762
185 171 247 237 eto

180 330 354 416 'Adspicis3
378 331 430 396 ille
451 332 516 398 suis
539 334 618 398 haee
641 332 747 398 vibrat
767 333 894 420 fulgura
918 335 1037 402 cristis.

184 436 307 520 Meque
329 457 448 519 pavens
470 448 582 500 contra
605 438 708 502 solam
728 437 815 500 videt
839 461 876 501 ae
901 452 995 503 vocat
1018 439 1122 520 ultro,

185 538 256 604 Ceu
278 539 378 614 solet,
403 550 434 602 et
456 541 569 601 blanda
593 539 698 621 poscit
721 562 770 602 ure
793 543 908 622 pabula
931 543 1052 626 lingua.
1099 596 1102 601 .

183 642 247 706 Die
268 663 328 726 age
351 626 450 718 uisne,
472 653 579 706 utrum
604 642 750 725 vigilanti
772 645 960 729 hostemque
984 646 1102 710 videnti

183 745 329 809 Exuvias
351 745 479 809 attterre
502 744 602 820 velis,
627 767 665 807 au
687 745 802 808 huniua
821 769 940 813 vsomno
1270 754 1318 816 65

183 846 367 932 Mergimus
391 857 422 911 et
444 846 596 910 domitum
618 849 727 929 potius
749 845 807 909 tibi
831 849 981 912 tradimus
1004 850 1189 934 augueiu?''

181 949 241 1018 tlte
264 950 354 1025 silet,
380 959 484 1011 tantus
506 949 601 1013 subiit
624 962 659 1012 ut
682 949 814 1033 virginis
839 951 972 1014 horror.

224 1053 355 1137 latiique
379 1072 488 1114 ritanus
511 1051 643 1115 Colchis
667 1051 849 1136 crinemque
872 1052 1052 1117 intenderat
1075 1054 1189 1129 astris,

182 1148 332 1219 Carmina
355 1153 527 1217 barbarico
549 1153 687 1217 frendens
710 1157 812 1236 pede,
836 1166 932 1237 teque
955 1154 1079 1235 ciebat,

181 1260 301 1322 Somne
323 1269 436 1339 pater:
462 1258 603 1330 „Somne
625 1258 844 1338 omnipotens,
869 1267 900 1320 te
924 1257 1058 1322 Colchis
1081 1261 1120 1323 ab
1142 1258 1233 1323 otuni
1270 1263 1317 1324 70

181 1360 273 1424 Orbe
295 1379 380 1423 voco
403 1357 498 1442 inque
519 1380 614 1421 uuum
637 1358 733 1422 iubeo
756 1380 838 1421 utine
859 1357 907 1423 ire
930 1363 1115 1426 draconem.

182 1464 273 1542 Quae
294 1462 376 1525 freta
400 1481 495 1542 saepe
517 1472 575 1523 tuo
598 1460 725 1536 domui,
749 1483 831 1544 quae
854 1462 960 1525 nubila
983 1484 1086 1528 cornu

180 1564 389 1648 Fultuiuaque
412 1575 442 1626 et
464 1576 535 1630 toto
558 1562 712 1646 quidquid
734 1563 828 1626 micat
851 1567 999 1629 aethere:
1024 1569 1081 1629 sed
1103 1588 1187 1630 utine

180 1668 293 1744 Nune,
318 1687 396 1749 age,
422 1665 525 1729 maior
547 1668 620 1728 ades
641 1665 800 1749 fratrique
823 1668 980 1731 simillime
1002 1668 1104 1734 Leto.
1124 1703 1150 1728 a

180 1772 232 1833 Te
254 1789 402 1855 quoque,
428 1767 590 1832 Phrixeae
612 1767 743 1849 pecudis
765 1768 914 1831 fidissime
938 1781 1066 1848 custos,
1268 1777 1310 1837 75

179 1876 322 1955 Tempus
345 1874 385 1935 ab
408 1874 467 1935 bae
489 1873 601 1938 oculos
625 1875 749 1934 taudem
773 1873 944 1936 deflectere
966 1894 1057 1936 extra.

180 1978 283 2057 Quem
307 1975 419 2038 metuis
443 1997 491 2038 tue
513 1974 565 2038 hie
586 1985 691 2038 stante
714 1974 844 2037 dolum?
866 1978 1004 2037 servabo
1028 1997 1204 2058 parumper

178 2079 254 2161 ipsa
277 2099 406 2141 nemus:
430 2078 561 2158 longum
583 2077 703 2140 interea
727 2089 759 2140 tu
783 2099 868 2159 poue
891 2078 1070 2141 laboreur.'¹

178 2182 239 2245 Ille
261 2182 345 2243 haud
366 2180 484 2245 Aeolio
508 2180 669 2243 discedere
690 2180 795 2242 fessus
818 2183 857 2242 ab
881 2202 961 2242 auro

179 2286 250 2347 Nec
271 2281 346 2347 dare
367 2283 539 2366 permissae
561 2285 722 2367 (quamvis
746 2283 845 2363 iuvet)
869 2305 924 2346 ora
949 2274 1047 2367 quieti
1263 2289 1309 2349 80

176 2386 335 2472 Sustinet3
360 2397 390 2448 at
412 2385 506 2468 primi
528 2407 699 2467 percussus
725 2388 809 2448 urtbe
831 2387 961 2469 soporis

178 2489 316 2555 Horruit
339 2500 371 2552 et
392 2489 500 2551 dulces
523 2489 663 2551 excussit
685 2490 724 2550 ab
747 2490 865 2553 arbore
887 2510 1031 2553 somnos.

179 2592 303 2657 Contra
326 2592 490 2656 Tartareis
514 2591 645 2655 Colchis
669 2612 817 2672 spumare
841 2592 972 2656 venenis

178 2696 366 2779 Cunctaque
388 2693 525 2757 Lethaei
548 2715 700 2777 quassare
723 2693 847 2757 silentia
873 2696 951 2758 rarui

177 2801 305 2863 Perstat
327 2809 359 2859 et
382 2800 518 2860 adverso
542 2795 690 2859 luctantia
715 2795 831 2858 lumina
855 2810 949 2861 cautu

179 2901 296 2966 Obruit
319 2912 415 2984 atque
438 2921 562 2962 omnem
585 2899 756 2982 linguaque
781 2921 935 2983 manuque
958 2900 1071 2983 fatigat

176 3005 253 3066 Vim
278 3003 444 3086 Stygiam,
468 3005 615 3064 ardentes
639 3005 740 3064 donee
762 3022 864 3083 sopor
887 3002 1025 3084 occupat
1047 3004 1123 3067 iras.
1219 3015 1225 3029 “

176 3107 310 3190 Iamque
333 3105 415 3167 altae
437 3105 583 3167 cecidere
606 3104 698 3166 iubae
721 3114 875 3189 nutatque
898 3118 1043 3168 coactum

176 3212 243 3275 laur
266 3219 362 3290 caput
384 3218 479 3291 atque
502 3207 613 3292 iugens
637 3220 725 3270 extra
749 3230 805 3270 sua
832 3209 951 3272 vellera
974 3209 1105 3284 cervix,

177 3311 248 3377 Ceu
270 3311 407 3374 refluens
430 3312 538 3374 Padus
560 3323 613 3372 aut
635 3322 755 3390 septem
779 3311 946 3394 proiectus
969 3311 998 3374 iu
1023 3334 1130 3376 aumcs
1266 3316 1309 3378 90

176 3415 270 3480 Nilus
293 3425 324 3477 et
347 3413 539 3495 Hesperium
561 3412 692 3476 venicus
715 3413 863 3495 Alpheos
885 3413 916 3475 in
940 3417 1066 3479 orbem.

176 3519 250 3600 lpsa
274 3529 368 3600 caput
390 3516 457 3579 cari
478 3527 649 3600 postquam
673 3517 791 3579 Medea
815 3515 962 3578 draconis

176 3620 267 3683 Vidit
289 3618 497 3710 huutipsusis
520 3618 636 3680 circum
661 3617 804 3700 proiecta
829 3618 974 3694 lacertis,
1048 3663 1051 3667 Δ

177 3722 284 3808 Seque
306 3743 460 3806 suumque
483 3720 582 3810 simul*
597 3720 687 3799 flevit
709 3720 846 3784 erudelis
871 3722 1051 3784 alumnum:

247 3922 289 3970 62·
315 3925 375 3971 Gdd.
404 3921 510 3967 advocat
542 3922 621 3977 ultro,
653 3915 828 3983 ἆσυνδὲτως.
897 3919 939 3969 67.
964 3921 1042 3967 cuttu
1068 3927 1121 3966 tum
1146 3920 1208 3968 cdd.
1240 3927 1305 3985 utiq.

170 3991 219 4039 bl.
252 3995 302 4047 „Ut
328 3997 403 4050 ipsam
429 3994 547 4049 virginum
576 3992 679 4036 horrore
705 3992 825 4046 perfusam
852 3989 964 4050 (propter
988 4007 1028 4046 se,
1061 3992 1184 4043 Iasonem)
1213 3995 1309 4040 videt.”

176 4064 307 4109 Weberus.
346 4061 386 4108 68.
400 4064 531 4120 tuumque
545 4062 627 4106 Heius.
664 4062 730 4116 „Sed
743 4061 849 4119 intellige
864 4063 947 4116 rapitis
960 4063 1118 4114 rotationem,
1134 4074 1195 4117 quae
1209 4063 1308 4109 ditl'usis

176 4134 284 4178 crinibus
308 4146 321 4174 a
345 4133 439 4176 tutibus
465 4130 517 4176 lieri
542 4132 662 4176 solebat.”
689 4131 732 4174 W.
780 4127 821 4174 ll.
850 4143 888 4174 me
907 4131 1016 4174 iustuute
1035 4131 1144 4175 Fontius.
1184 4128 1227 4174 82.
1251 4133 1307 4188 lpse

175 4205 219 4248 illo
245 4207 356 4247 horroris
380 4207 444 4244 motu
473 4201 592 4256 excussit,
623 4200 722 4253 reiecit,
752 4204 864 4255 quantuni
890 4205 984 4255 poterut
1008 4213 1118 4244 somnum
1142 4199 1172 4242 ab
1192 4202 1307 4258 arbore,

95 4324 96 4327 Ἰ
176 4287 247 4332 quatu
283 4272 355 4328 spiris
385 4271 582 4326 amplectebatur.
613 4291 650 4306 ι-
680 4283 711 4313 ue
743 4281 866 4328 corpere,
904 4271 940 4314 vet
975 4275 1076 4327 pertore
1113 4269 1199 4316 lleius.
1234 4286 1308 4331 susp.
