2782 4762
977 132 1221 246 ’111

96 348 279 429 „Quidnam
302 344 403 429 igitur
425 344 560 408 faciam?
583 364 763 416 neemiae,
789 363 885 426 quom
909 361 1055 405 arcessor
1078 351 1109 403 et
1137 341 1222 403 ultro

98 450 283 533 supplicat,
309 446 510 511 accedam?’'
534 483 573 494 -w
598 493 611 520 „
622 445 657 509 si
679 458 765 509 totus
790 457 820 508 et
842 445 969 529 integer
990 442 1076 505 illinc

96 554 252 628 Exieras,
278 572 336 614 nec
351 547 474 611 nunc.''
488 581 527 590 -
544 547 626 625 Hic,
654 547 723 623 hic,
750 570 841 632 quem
862 544 1061 628 quaerimus,
1086 546 1137 608 hic
1153 556 1221 608 est:

98 657 174 719 Non
197 654 230 715 iu
252 654 389 728 festuca,
414 650 512 715 lictor
534 672 627 736 quam
650 651 746 712 iactat
767 650 905 731 ineptus.
1164 647 1222 709 175

98 759 155 820 Ius
178 758 272 818 habet
294 755 353 817 itte,
368 753 417 816 sui
439 756 558 834 palpo,
584 773 678 836 quem
702 751 787 814 ducit
808 752 943 837 hiantem

102 860 232 924 Cretata
257 855 413 920 ambitio?
435 855 549 939 Vigila
572 870 603 920 et
625 855 709 917 cicer
730 855 842 940 ingere
864 855 954 937 large

100 963 233 1026 Rixanti
258 959 401 1041 populo,
426 970 536 1021 nostra
559 969 594 1020 ut
616 956 759 1021 Floralia
784 944 907 1037 possint

99 1063 215 1145 Aprici
239 1061 416 1125 meminisse
440 1083 543 1123 senes.
590 1059 676 1140 Quid
698 1057 885 1141 pulchrius?
907 1091 947 1102 -
972 1061 1016 1123 At
1039 1080 1136 1143 qinom

99 1165 243 1230 Herodis
267 1185 385 1228 venere
409 1163 473 1225 dies
496 1175 653 1245 unctaque
675 1161 818 1224 fenestra
1162 1160 1224 1222 180

98 1268 284 1350 Dispositae
305 1266 455 1349 pinguem
478 1265 624 1327 nebulam
648 1285 799 1327 vomuere
821 1263 970 1327 lucernae

99 1371 275 1433 Portantes
297 1369 400 1432 violas
423 1370 620 1450 rubrumque
643 1367 788 1448 amplexa
811 1366 948 1430 catinum

103 1472 212 1536 Gauda
236 1483 321 1533 natat
343 1470 472 1552 thynni,
497 1481 596 1533 tumet
619 1470 690 1532 alba
713 1467 821 1531 fidelia
843 1471 947 1531 vino:

100 1576 210 1636 Labra
234 1594 345 1636 moves
369 1573 481 1635 tacitus
504 1571 703 1655 recutitaque
726 1573 856 1633 sabbata
879 1571 992 1652 palles.

103 1679 197 1738 Tunc
220 1676 304 1759 nigri
327 1676 465 1737 lemures
489 1695 619 1757 ovoque
642 1674 783 1755 pericula
807 1685 925 1755 rupto:
1164 1676 1223 1740 185

102 1781 196 1841 Tune
219 1780 356 1861 grandes
379 1777 464 1842 Galli
486 1787 518 1838 et
540 1798 611 1838 cum
634 1774 730 1839 sistro
753 1777 839 1837 lusca
862 1778 1012 1839 sacerdos

101 1879 270 1944 Incusserc
293 1882 370 1942 deos
392 1877 539 1940 inflantes
567 1897 726 1958 corpora,
751 1878 777 1940 si
799 1897 863 1940 non

101 1983 306 2047 Praedictum
328 1993 378 2044 ter
401 2002 490 2042 mane
513 1992 608 2062 caput
631 1979 811 2064 gustaveris
832 1978 898 2041 alli.
921 2011 962 2023 —-

101 2084 234 2149 Dixeris
257 2086 335 2146 haec
356 2081 438 2145 inter
461 2081 626 2145 varicosos
650 2081 871 2157 centuriones,

102 2185 267 2251 Continuo
291 2206 431 2248 erassum
456 2187 536 2247 ridet
559 2183 730 2248 Volfenius
753 2185 865 2269 ingens
1003 2176 1009 2189 ⁸
1164 2187 1225 2250 190

101 2290 146 2351 Et
168 2300 292 2350 centum
317 2288 461 2350 Graecos
483 2298 577 2349 curto
600 2298 748 2350 centusse
769 2287 893 2355 licetur.

174 2431 232 2477 172.
261 2444 293 2478 =
319 2446 438 2477 accersor
466 2433 585 2477 Tassat.
610 2452 644 2464 -
671 2446 792 2477 accersor
810 2435 841 2477 V.
897 2431 956 2480 173.
976 2433 1117 2495 Supplicat]
1137 2437 1167 2481 R.
1187 2457 1225 2471 ·-

101 2503 226 2560 supplicet
256 2502 377 2548 TVESM.
424 2502 460 2545 lb.
487 2521 521 2533 -
548 2501 609 2544 illuc
635 2502 665 2545 1²..
717 2500 775 2548 174.
801 2501 927 2563 Ezieras]
958 2504 1039 2548 VEM.
1068 2525 1103 2538 -
1125 2506 1224 2551 exieris

103 2572 195 2616 Tusa,
238 2572 276 2615 11).
295 2591 329 2606 -
347 2584 413 2614 nunc
431 2584 497 2615 nuuc
516 2570 658 2615 TRESAM.
704 2572 741 2617 lb.
761 2592 795 2605 ··-
813 2572 878 2632 quod
897 2587 938 2631 qa.
957 2575 983 2618 S.
1023 2570 1081 2619 175.
1101 2589 1225 2634 -quam

101 2642 137 2684 Μ.
177 2638 236 2685 177.
255 2660 290 2673 ·-
307 2646 332 2683 et
352 2641 431 2700 vigila
449 2642 481 2684 V.
500 2661 535 2673 -
553 2646 577 2683 et
595 2654 655 2682 acer
676 2641 732 2701 ing.
752 2643 783 2686 T.
814 2640 871 2687 179.
891 2655 963 2701 quom
981 2642 1005 2686 h.
1024 2644 1040 2687 Ι.
1061 2647 1091 2688 Α.
1120 2642 1225 2690 181.-

99 2709 224 2767 Disponit
251 2715 275 2752 st
297 2710 420 2769 pinguem
445 2710 475 2753 T.
503 2728 538 2741 ·-
561 2710 673 2770 pingues
697 2710 728 2754 Α.
778 2707 837 2755 182.
862 2730 897 2744 -
920 2710 1024 2754 rubram
1046 2714 1180 2769 complexa
1197 2716 1223 2758 S.

103 2775 164 2823 183.
191 2803 222 2811 -
249 2777 321 2823 rubet
337 2779 368 2825 R.
386 2792 507 2832 strperscr.
529 2783 614 2826 rames.
634 2779 755 2822 -timet
773 2779 804 2826 T.
851 2780 887 2824 lb.
907 2801 942 2813 -
959 2781 1027 2823 alma
1047 2780 1076 2828 Ε.
1104 2779 1139 2839 (v.
1164 2780 1222 2828 184.

100 2853 157 2904 post
171 2861 196 2891 v.
218 2845 276 2892 185.
294 2847 339 2906 V.)
389 2845 448 2895 184.
468 2856 503 2880 -'·
520 2847 675 2906 recitataque
693 2850 724 2893 V.
770 2845 828 2894 185.
851 2848 916 2893 Tum
929 2848 1008 2896 EAM.
1046 2850 1083 2894 11).
1104 2871 1141 2884 -
1159 2850 1243 2897 Tum.

100 2930 145 2976 gr.
170 2916 250 2969 EAM.
305 2917 342 2961 lb.
362 2939 395 2950 -
413 2917 467 2961 Iam
485 2918 563 2976 gr.T.
626 2915 683 2962 188.
704 2918 801 2962 -1111
821 2932 895 2962 mans
911 2919 941 2962 T.
974 2939 1001 2950 -
1026 2924 1064 2961 est
1089 2934 1163 2964 anana
1191 2923 1223 2965 V.

100 2987 138 3030 11).
159 3005 194 3019 -
211 2987 354 3045 gestaveris
375 2987 455 3031 allam
480 2989 511 3030 V.
563 2983 621 3032 189.
641 3006 676 3018 -
692 2984 738 3030 liae
753 2988 845 3032 TltVS.
900 2985 957 3032 190.
977 3008 1013 3022 -
1031 2984 1179 3046 Volssnnius
1195 2992 1221 3034 S.

100 3074 134 3088 -
154 3053 306 3114 Valsennius
318 3055 348 3100 Α.
370 3077 403 3088 -
418 3053 568 3114 Fulfennins
589 3057 620 3100 V.
643 3075 672 3089 -··
692 3055 844 3102 Fnlvennius
861 3056 892 3102 Ε.
912 3077 946 3088 -
962 3055 1116 3114 Fulplaenius
1138 3061 1168 3103 T.
1189 3078 1224 3092 -

99 3122 240 3168 Fascenius
258 3125 289 3168 ll.
336 3125 368 3170 Ut
381 3139 443 3178 nos,
465 3127 500 3169 M.
541 3122 599 3168 191.
620 3145 654 3156 -
672 3139 720 3170 uno
737 3133 854 3171 centusse
871 3127 901 3173 F.

174 3265 232 3312 177.
258 3280 288 3311 ne
312 3281 378 3310 nanc
402 3269 444 3312 rP.
492 3269 528 3312 11).
549 3282 669 3313 accersor
694 3284 717 3313 r.
744 3287 779 3302 -
803 3283 922 3314 arcessar
939 3270 969 3313 P.
1018 3267 1076 3315 173.
1097 3270 1226 3328 supplicet

101 3337 203 3392 pwPW.
250 3333 308 3380 174.
329 3350 359 3378 ne
375 3350 440 3380 nsrnc
458 3352 480 3381 r.
529 3335 587 3383 182.
607 3337 739 3383 Portantes
758 3339 863 3383 nebulas
881 3353 903 3384 r.
949 3336 1007 3385 186.
1025 3337 1092 3383 Hinc
1111 3339 1224 3400 grandes

100 3420 123 3448 r.
164 3403 221 3450 190.
243 3401 377 3463 Valfcna'us
396 3407 511 3460 rpwPW.

101 3499 251 3509 ...n-.—

173 3547 232 3594 177.
253 3547 340 3609 Vigila
364 3555 388 3593 st
413 3549 491 3610 cicer]
516 3551 589 3596 Ludis
616 3551 754 3595 Floralibus
773 3551 853 3593 omnia
877 3550 969 3594 semina
995 3550 1169 3608 spargebantur·
1199 3552 1223 3594 in

100 3622 231 3672 poputum,
261 3623 286 3662 ut
301 3619 386 3663 Tellus
407 3622 471 3663 velut
491 3621 629 3664 ruuneribus
649 3622 698 3665 suis
717 3622 862 3676 placaretur.
901 3617 960 3664 180.
981 3619 1089 3664 ftsrodss
1104 3622 1166 3675 apud
1184 3621 1223 3663 Iu-

100 3688 174 3732 daeos
193 3689 466 3744 regnavittemporibus
492 3691 607 3748 Augusti,
640 3691 662 3733 in
682 3691 790 3744 partibus
806 3690 899 3743 Syrias.
939 3689 1067 3733 1111111111
1085 3703 1144 3747 ergo
1160 3690 1223 3734 diem

99 3759 203 3801 1111111111
222 3757 324 3800 Herodis
341 3758 483 3811 observant,
516 3765 541 3804 ut
559 3759 631 3803 stiam
651 3759 768 3803 sabbata:
800 3773 847 3815 qno
871 3759 908 3802 dis
934 3759 1044 3803 lucernas
1068 3772 1182 3802 accensas
1200 3764 1225 3803 11

99 3826 170 3870 violis
197 3831 324 3870 coronatas
350 3827 374 3870 iu
404 3827 518 3872 fenestris
545 3834 643 3883 ponunt.
694 3825 752 3871 184.
778 3825 938 3886 Recutitaqus
964 3825 1080 3885 sabbata]
1113 3827 1224 3871 Instituta

99 3895 244 3939 ludaeorum
269 3893 402 3952 siguificat,
433 3901 532 3951 propter
550 3897 775 3942 circumcisionem:
805 3910 890 3952 quani,
915 3902 1026 3941 auctores
1050 3909 1106 3940 snos
1126 3898 1221 3950 secuti,

99 3965 197 4008 faciunt.
238 3961 297 4008 185.
317 3963 414 4022 Ovaque
439 3966 556 4021 pericula
574 3965 657 4024 rupto]
700 3967 858 4018 Sacerdotes,
887 3965 1223 4021 quiexplorandispericnlis

99 4046 170 4076 sacra
187 4033 320 4087 faciebant,
352 4034 483 4078 obseruare
510 4035 620 4079 sotebant
644 4048 714 4079 ovum
738 4035 787 4092 igni
809 4034 962 4088 impositum,
994 4040 1075 4078 utrum
1100 4035 1124 4077 in
1146 4035 1222 4090 capite

98 4113 129 4146 an
154 4103 179 4146 iu
201 4104 276 4146 latere
298 4103 434 4147 desudaret.
472 4104 497 4148 st
517 4109 595 4149 11111111
611 4109 706 4158 raptum
731 4103 874 4157 effluxerat,
899 4104 1033 4158 periculum
1052 4106 1074 4148 ci
1096 4105 1222 4159 portende·

98 4171 157 4225 bat,
179 4185 223 4227 pro
243 4186 289 4227 qno
308 4171 396 4214 factum
415 4171 508 4225 fuerat,
528 4175 565 4217 val
584 4175 620 4218 rei
639 4172 755 4216 familiari
774 4173 834 4217 sina.
875 4169 934 4219 186.
955 4172 1066 4217 Sistrnm
1083 4174 1222 4217 sacerdotes

100 4240 171 4283 laidis
192 4245 296 4295 portant.
333 4239 417 4283 Lusca
434 4245 527 4294 autem,
548 4243 601 4286 idso
622 4245 684 4298 qnod
707 4241 800 4285 nubilas
821 4240 952 4296 deformes,
971 4255 1042 4299 quom
1060 4242 1162 4288 inanitas
1175 4254 1222 4285 nan

100 4309 251 4361 invenerint,
272 4310 300 4352 ad
319 4309 453 4353 ministeria
472 4311 571 4353 deorum
590 4323 616 4354 ss
635 4310 767 4355 conferant.
