2782 4762
1157 173 1200 239 ⁶3

75 336 191 423 Atque
211 333 399 419 intempesta
423 335 578 401 cedebant
600 343 697 399 nocte
718 345 872 417 paventes

75 437 274 522 Hospitibus
296 437 401 503 saevis
422 437 556 503 instrata
579 436 696 503 cubilia
716 436 849 501 fronde.
1141 434 1203 501 985

76 542 151 606 Nec
173 539 275 606 nimio
296 553 363 604 tum
387 539 460 623 plus
478 561 573 626 quam
590 561 674 604 nunc
697 538 845 604 mortalia
866 538 952 605 secla

76 642 199 709 Dulcia
217 642 404 730 linquebant
425 641 570 707 lamentis
592 641 710 706 lumina
732 641 840 707 vitae:

76 748 168 812 Unus
190 743 273 810 enim
295 756 361 809 tum
381 744 519 832 quisque
539 743 641 829 magis
662 747 837 827 deprensus
859 765 972 810 eorum

76 847 206 913 Pabula
225 847 302 912 viva
321 847 400 912 seris
421 850 615 931 praebebat,
640 848 787 912 dentibus
805 850 953 924 baustus;

77 953 123 1017 Et
139 972 273 1016 nemora
294 973 333 1015 ae
354 950 491 1016 monteis
515 949 635 1036 gemitu
656 951 817 1037 silvasque
840 951 1002 1042 replebat,
1139 951 1203 1016 990

75 1054 166 1120 Viva
189 1053 302 1118 videns
320 1052 399 1119 vivo
418 1053 552 1137 sepeliri
574 1053 702 1119 viscera
721 1057 831 1120 busto.

76 1159 126 1222 At
146 1178 231 1243 quos
250 1156 406 1242 effugium
430 1166 594 1232 servarat,
618 1177 765 1240 corpore
788 1161 906 1234 adeso,

76 1258 251 1325 Posterius
271 1259 423 1324 tremulas
442 1281 539 1342 super
560 1258 669 1322 ulcera
692 1269 775 1323 tetra
796 1271 939 1325 tenentes

75 1361 207 1428 Palmas
224 1362 398 1428 horriferis
420 1360 569 1424 accibant
590 1361 727 1426 vocibus
751 1364 893 1427 Orcumt

74 1465 225 1552 Denique
246 1484 304 1530 eos
325 1465 393 1528 vita
415 1463 584 1548 privarant
608 1464 752 1528 vermina
774 1487 888 1544 saeva,
1136 1465 1200 1530 995

75 1568 254 1651 Experteis
278 1566 368 1651 opis,
390 1565 526 1653 ignaros
547 1566 626 1653 quid
647 1567 781 1631 volnera
803 1569 934 1634 vellent.

141 1674 188 1736 At
211 1693 276 1736 non
295 1670 394 1733 multa
414 1668 520 1732 virdm
544 1672 603 1733 sub
623 1667 726 1754 signis
748 1669 835 1734 milia
857 1675 952 1737 ducta

74 1776 152 1840 Una
174 1772 240 1837 dies
264 1775 360 1836 dabat
380 1772 501 1838 exitio:
524 1794 584 1835 nec
605 1771 735 1835 turbida
756 1772 850 1856 ponti

74 1877 234 1962 Aequora
256 1875 425 1940 laedebant
447 1874 557 1939 naveis
577 1878 618 1938 ad
639 1895 715 1938 saxa
736 1875 909 1961 virosque3

74 1980 148 2043 Nec
169 1989 306 2054 temere,
329 1976 505 2054 incassum,
528 1978 650 2041 frustra
678 1998 765 2041 mare
787 2000 882 2061 saepe
904 1989 1052 2044 coortum
1118 1981 1201 2043 1000

76 2079 231 2146 Saevibat
252 2079 431 2166 leviterque
451 2079 550 2144 minas
571 2082 712 2163 ponebat
733 2079 872 2158 inaneis3

74 2185 148 2248 Nec
169 2193 300 2266 poterat
318 2205 509 2268 quemquam
530 2183 651 2266 placidi
672 2183 808 2267 pellacia
830 2185 924 2268 ponti

74 2285 220 2352 Subdola
242 2285 395 2368 pellicere
416 2285 450 2349 in
469 2286 617 2349 fraudem
638 2285 816 2350 ridentibus
835 2286 944 2364 undis3

74 2388 234 2472 Improba
255 2387 378 2472 navigii
397 2387 482 2453 ratio
502 2399 569 2450 tum
589 2409 685 2451 caeca
704 2387 843 2454 iacebat.

75 2494 161 2555 Tum
180 2489 313 2573 penuria
335 2489 447 2554 deinde
470 2489 535 2553 cibi
554 2490 737 2574 languentia
757 2492 824 2557 leto
1115 2494 1196 2558 1005

73 2595 229 2657 Membra
250 2594 364 2655 dabat:
391 2603 505 2656 contra
525 2613 609 2655 nune
629 2615 737 2656 rerum
758 2594 854 2679 copia
876 2607 1007 2660 mersat.

75 2693 166 2761 Ollei
188 2692 406 2778 imprudentes
428 2693 510 2776 ipsei
533 2693 597 2757 sibi
614 2717 708 2778 saepe
728 2719 882 2761 venenum

74 2798 288 2883 Vergebant:
313 2819 397 2861 nunc
416 2800 492 2860 dant
511 2797 581 2861 aliis
603 2797 765 2862 sollertius
785 2799 881 2883 ipsei.

138 2899 220 2964 Inde
243 2921 331 2966 casas
351 2910 521 2986 postquam
542 2923 580 2964 ac
601 2899 715 2984 pelleis
737 2900 909 2988 ignemque
931 2913 1105 2986 pararunt,

74 3085 150 3130 ullam
169 3097 239 3140 opem
256 3085 415 3140 reperissent.
435 3107 468 3118 -
483 3084 621 3142 privarunt
634 3085 725 3144 Vulgo.
738 3085 815 3129 Forb.
842 3085 888 3130 Sed
910 3087 1018 3142 perfeeto
1044 3087 1083 3132 vel
1104 3089 1197 3132 aorlsto

73 3154 155 3199 nullus
165 3154 203 3199 bic
215 3156 283 3199 locus
293 3159 346 3211 est3
361 3158 425 3198 esset
433 3155 537 3199 fortasse
550 3154 691 3209 imperfecto
700 3155 845 3213 privabant.
865 3155 902 3201 lb.
911 3155 1029 3216 'Denique
1037 3156 1114 3212 (111,
1125 3158 1198 3202 etiam

74 3224 105 3269 C.
118 3223 150 3268 E.
163 3225 205 3269 W.
222 3223 309 3269 Donec
325 3224 408 3277 lente,
422 3224 453 3268 A.
478 3223 605 3269 Dorticum
617 3226 699 3283 vulgo.
755 3222 831 3270 1000.
851 3223 904 3270 Nec
919 3231 1028 3280 cernere,
1049 3226 1196 3281 incassum,

65 3290 175 3354 frustra
189 3292 270 3354 meare]
289 3294 330 3338 Sic
345 3293 423 3347 cdd,
443 3295 515 3339 etiam
534 3295 563 3339 C.
582 3293 613 3338 E.
633 3295 702 3339 Brix.
720 3297 777 3340 Ver.
793 3297 855 3339 Ven.
873 3296 947 3344 Wak.
968 3319 1001 3330 —
1017 3293 1071 3340 Nec
1088 3301 1197 3350 temere,

72 3364 182 3408 incursu
193 3363 290 3426 fluetus
308 3376 379 3407 mare
397 3363 437 3408 Pii
461 3364 623 3420 exerrrplaria,
650 3364 734 3421 tunta3
764 3364 873 3419 Eicbst.,
905 3378 976 3423 quem
996 3365 1197 3410 inconsideratius

73 3433 203 3491 aliquando
222 3437 317 3479 secutus
334 3447 410 3478 eram.
439 3433 554 3478 Ceterum
573 3447 617 3489 pro
634 3431 687 3478 Nee
707 3436 857 3488 seripserunt
868 3433 919 3478 Sed
929 3434 959 3479 L.
974 3434 1022 3488 11„
1042 3436 1105 3491 qnod
1117 3436 1197 3490 primo

73 3506 189 3559 adspectu
204 3517 262 3548 sane
277 3504 355 3558 aptius
372 3503 466 3548 videtur
482 3504 655 3560 probatumque
670 3509 707 3548 est
723 3505 795 3549 etiam
806 3517 820 3546 a
832 3503 968 3562 Pinzgero;
988 3505 1115 3547 adversum
1127 3517 1198 3560 quem

72 3573 152 3618 Forb.
167 3575 260 3618 monuit
275 3587 320 3617 nee
334 3572 425 3617 referri
443 3588 489 3617 non
512 3578 602 3617 tantum
618 3574 647 3616 ad
659 3587 682 3618 v.
695 3573 823 3626 saevibat,
843 3574 885 3618 sed
895 3575 933 3619 ,ad
948 3579 1024 3617 totam
1041 3573 1195 3617 sententiam.

73 3644 133 3689 snt.
151 3648 245 3688 retento
262 3641 315 3688 Nec
333 3643 367 3686 sic
386 3644 566 3699 explicandum:
586 3656 664 3698 ‚,nec,
685 3647 711 3688 ut
726 3657 787 3686 nunc
803 3645 898 3700 quidem
916 3641 944 3686 fit
957 3656 1052 3687 summo
1065 3655 1118 3686 cum
1131 3641 1198 3684 navi·

72 3715 182 3773 gentium
199 3713 323 3768 periculo,
351 3725 417 3757 mare
441 3718 531 3758 temere
550 3717 660 3757 coortum
678 3712 814 3767 saeviebut,
834 3714 876 3757 sed
894 3714 971 3757 minas
989 3713 1088 3766 inanes,
1109 3711 1196 3768 quippe

72 3797 134 3842 quae
153 3785 212 3828 nulli
239 3782 378 3827 mortalium
405 3788 460 3828 tunc
484 3784 600 3838 temporis
624 3783 755 3837 perniciem
773 3783 902 3835 afferrent,
931 3795 1016 3826 rursus
1035 3770 1196 3836 deponebat.''

73 3853 235 3909 opponuntur
253 3854 300 3898 sibi
318 3865 363 3895 nee
381 3851 408 3908 )(
428 3867 483 3912 que.
530 3849 605 3898 1001.
621 3849 741 3910 ponebat]
760 3850 828 3895 Adeo
844 3851 941 3896 turbant
958 3851 1018 3898 Cdd.
1039 3854 1091 3908 (-
1105 3863 1195 3908 poree·

71 3922 116 3968 dot
126 3923 156 3980 C.
177 3947 210 3956 -
225 3924 330 3981 potebas
345 3921 378 3966 E.-
390 3937 451 3979 apr.
465 3937 498 3970 m.
516 3925 536 3966 Α
552 3935 601 3966 see.
613 3920 760 3978 ponebat),
781 3925 806 3964 ut
820 3920 896 3965 Forb.
916 3922 1048 3966 coniecerit
1057 3920 1179 3979 poscebat
1184 3932 1196 3974 ;

72 3995 115 4038 sed
134 4007 183 4038 non
201 3994 274 4039 nimis
292 3995 347 4039 buic
363 4006 387 4036 v.
408 3993 519 4038 convenit
535 3993 590 4036 adv.
608 3991 706 4036 leviter.
744 3986 821 4036 1001.
840 3986 970 4050 naaigitim
982 3990 1074 4036 Osann.
1095 4014 1128 4025 -
1147 4002 1193 4033 na-

71 4063 127 4124 sige'
143 4064 221 4110 Botbe
237 4077 260 4109 v.
277 4063 374 4110 Weicb.
389 4064 419 4107 ad
431 4062 487 4108 Vel.
508 4063 526 4107 F
529 4064 547 4108 Ι.
565 4074 621 4121 pag.
636 4057 678 4106 61.
697 4064 722 4105 et
737 4060 815 4105 Forb.
829 4061 858 4104 ad
870 4060 895 4108 b.
913 4061 948 4118 Ι.;
973 4062 1013 4117 qni
1030 4065 1096 4106 reete
1114 4060 1196 4105 deten-

72 4135 111 4178 dit
128 4133 234 4178 formam
251 4147 295 4190 per
313 4135 399 4191 duplex
411 4132 430 4178 ἱ.
446 4133 566 4192 Pinzgero
579 4136 642 4178 totns
659 4130 793 4176 versiculus
811 4134 865 4174 erat
881 4135 1015 4185 suspectus.
1054 4125 1130 4176 1007.
1149 4129 1196 4173 im·

69 4203 210 4263 prudenter
227 4207 272 4253 dv.
291 4204 422 4252 correctio.
440 4203 471 4250 Ρ.
484 4203 515 4250 Α.
528 4201 558 4249 Ι..
572 4204 602 4249 ll.
613 4202 656 4248 W.
680 4222 710 4235 -
727 4198 867 4261 prudenter
879 4199 941 4247 Edd.
956 4205 1015 4258 vett.
1034 4219 1067 4236 ι-
1082 4197 1195 4259 pruden-

72 4280 110 4321 tes
130 4274 207 4322 eost.
