2782 4762
127 359 290 446 Ingemuit
313 360 454 423 citharae
476 357 647 441 finiumque
671 358 787 422 oblitus
812 359 953 441 Apollo,

192 463 354 526 Pieridum
378 460 516 523 lacrimis
539 464 745 542 permarluere
769 482 892 544 gcuuc,

128 565 222 629 Vatis
245 567 288 627 ob
311 564 491 637 interitum
515 573 689 649 sonuerunt
711 562 890 645 planctibus
912 563 990 627 orni.

195 667 239 730 Et
260 665 354 729 solita
377 663 462 727 illius
484 662 638 758 carmine
646 668 724 734 sexa
746 663 844 727 trahi.

84 987 87 990 ⁴
131 967 275 1033 Auratac
298 967 456 1035 dominum
480 968 549 1031 fidis
572 966 624 1030 hle
646 989 783 1049 posuere
807 966 966 1032 Camenae

197 1072 347 1137 Occisum
366 1069 502 1134 *flammis
525 1071 657 1152 Orphea
681 1070 808 1132 Thraca
832 1070 935 1135 Iovis.

672 1258 706 1318 5.

135 1375 263 1442 Occulit
286 1374 443 1440 aetherios
467 1374 557 1460 ignes
579 1374 745 1458 ipsamque
767 1397 913 1444 sororem

195 1480 268 1555 Sol,
292 1479 429 1560 tepidum
454 1478 553 1540 nitido
577 1500 671 1562 quum
698 1479 784 1540 vehit
806 1500 864 1541 axe
887 1479 988 1546 diema
1050 1483 1053 1488 ’

132 1583 207 1644 Non
230 1581 320 1643 aliter
342 1566 487 1643 ¹veterum
512 1580 604 1640 cessit
628 1577 684 1640 tihi
707 1570 962 1661 gloria'vatum,

196 1683 296 1747 Ortus
321 1703 354 1745 es
377 1691 411 1744 ut
434 1681 539 1745 Musis
561 1681 683 1758 lurocu,
710 1681 871 1760 Homero,
896 1704 1029 1748 novum.

666 1867 698 1929 6.

132 1989 208 2052 Non
232 1986 340 2071 genuit
362 1989 517 2066 Smyrnae
536 1961 680 2048 &divinum
697 2008 834 2068 campus
856 1989 1056 2070 Homerum,

197 2093 271 2153 Nou
294 2088 470 2171 Colophon
494 2087 582 2151 molli
605 2087 690 2150 sidus
713 2087 743 2150 in
767 2087 896 2169 Ionia;‘

133 2194 208 2256 Non
233 2192 470 2273 cyprus,non
494 2191 626 2282 pulchra
649 2188 772 2267 Chios,
798 2213 861 2255 uon
885 2214 962 2256 arva
986 2192 1132 2278 Canopi,
1164 2244 1172 2251 .

195 2296 271 2357 Non
295 2292 488 2354 Laertiadae
511 2293 613 2372 patria
636 2294 713 2354 dura
736 2291 816 2367 seri;

132 2398 209 2462 Non
234 2396 346 2479 Argos
369 2393 472 2470 Danai
494 2392 743 2478 Cyclopeaeque
768 2395 948 2474 Mycena‘e3
1005 2447 1008 2452 .

195 2498 318 2576 Inclyta
342 2516 400 2559 nec
421 2508 565 2558 veterum
588 2495 710 2560 moenia
734 2494 963 2579 Cecropidhm.

79 2641 83 2655 ·
132 2601 215 2663 Nam
238 2621 303 2662 non
325 2610 372 2661 est
394 2608 548 2661 terrestre
572 2617 692 2678 genus,
716 2599 773 2659 sed
796 2601 836 2659 ab
859 2601 987 2663 aethere
1010 2603 1127 2666 Musae

200 2701 362 2766 Miserunt
384 2714 491 2783 aptum
510 2699 598 2761 necle
621 2700 717 2761 heare
741 2699 858 2763 virum.

678 2885 715 2948 7.,

133 3012 194 3074 Est
216 3007 350 3090 patriam
375 3007 569 3088 Colophona
592 3016 678 3067 tuam
702 3002 758 3088 qui
780 3003 881 3080 dicat,
906 3007 1070 3085 Homeres
1132 3061 1137 3065 .

198 3113 259 3174 Ast
282 3111 360 3172 alius
384 3111 571 3196 Summam,
595 3129 671 3190 pars
695 3106 736 3170 ait
759 3128 828 3170 csse
851 3106 988 3193 Chium,
1049 3166 1050 3169 ,

133 3214 227 3278 Alter
250 3216 309 3277 lon
333 3194 431 3286 «linit,
456 3223 530 3274 sunt
552 3211 606 3293 qui
629 3209 783 3271 Salamina
807 3223 976 3291 putarunt;

179 3315 314 3397 Quidam
338 3327 368 3378 tc
391 3314 566 3397 Lapithhm
589 3309 749 3396 sanguinis
773 3333 842 3376 esse
864 3313 990 3390 scruut3

273 3587 329 3636 sic,
351 3585 389 3628 ubi
410 3585 549 3642 Maeonides
568 3583 670 3638 primurn
689 3586 727 3626 est
744 3587 858 3638 exortus,
878 3585 984 3640 ademit,

309 3654 430 3711 Quotquot
450 3659 517 3698 eraut
528 3685 534 3707 ,
554 3653 609 3696 aliis
628 3651 721 3696 vatibus
740 3658 810 3696 omne
830 3652 909 3697 iubar.

205 3721 230 3782 6]
252 3722 382 3767 Crurirhius
401 3725 453 3768 sie:
800 3776 803 3781 ,

274 3791 326 3836 uon
346 3794 462 3846 Srurrnae
481 3792 550 3835 tellus
568 3792 632 3836 dium
650 3791 774 3849 generarit
794 3791 937 3844 Homerum,

308 3861 432 3905 Fecundao
451 3866 491 3905 aut
509 3861 634 3915 Colophon
654 3859 720 3903 sidus
738 3860 855 3916 laoniae3

273 3929 325 3974 Nou
345 3930 434 3984 Chios,
455 3931 555 3987 Aegypti
574 3943 622 3972 non
640 3929 736 3987 pinguia
754 3943 829 3982 rure,
849 3942 893 3972 uec
912 3929 974 3974 olum

308 3998 416 4055 Cyprus,
437 4003 579 4054 praeruptae
599 4011 643 4042 nec
660 3999 714 4056 iuga
732 3999 797 4042 celsa
816 3999 926 4055 lthueae;

272 4067 325 4112 Nou
344 4068 423 4126 Argos
440 4067 516 4112 Danai
534 4066 698 4121 Cyclopeaeve
717 4067 851 4122 Mycenae,

311 4137 394 4181 luclitu
412 4151 455 4182 neo
473 4141 582 4180 veterum
600 4136 694 4179 moenia
713 4135 882 4192 Cecropidum.
907 4159 913 4168 ι

272 4208 350 4253 'serra
369 4209 445 4249 virurn
463 4206 524 4249 haud
542 4209 641 4263 geuutt,
662 4206 703 4252 sed
722 4206 787 4248 rniait
805 4207 835 4250 ab
855 4220 915 4262 axe,
935 4208 1054 4253 ferentem

308 4275 393 4320 Dulcia
412 4274 541 4334 terrigenis
559 4273 679 4329 munera,
699 4273 818 4331 Calliope.
