2782 4762
665 381 720 444 52.

134 481 255 548 Vinum
277 491 422 565 praestat
444 480 518 565 equi
541 480 656 546 divinis
681 481 805 546 vatibus
828 502 938 558 1181th

200 588 327 670 Aquam
350 586 471 648 bibenti
494 587 592 649 Musa
616 605 675 646 nec
697 585 779 648 cedit
803 587 897 649 bene.

133 688 195 752 Ille
217 700 309 764 tuus,
333 687 456 763 Liber,
481 709 578 772 quom
602 687 721 750 diceret
742 687 800 749 ista
823 687 995 765 Cratinus,

197 793 334 855 Madens
358 791 464 854 olebat
487 812 550 852 non
574 802 695 864 utrem,
720 792 774 851 sed
797 791 929 853 dolium.

133 891 287 958 Carmina
310 893 485 982 subsertis
507 892 643 955 fundens
666 894 847 976 hederaque
869 892 1033 958 revinctus
1238 896 1257 957 5

199 997 355 1061 Florente
376 996 473 1060 laetas
488 995 528 1058 in
550 1005 638 1058 tuum
660 1016 780 1059 morem
804 1016 927 1060 coenas.
1000 993 1001 997 ’

672 1181 726 1246 53.

134 1305 250 1372 Cernis
272 1301 502 1386 Aristophanis
524 1307 616 1366 sacra
638 1303 800 1377 carmina,
823 1300 913 1387 queis
936 1305 977 1366 ab
999 1303 1158 1368 Acharnis

147 1394 150 1398 ⁵
196 1409 367 1472 Florentes
389 1409 525 1471 hederae
547 1406 701 1468 circuiere
724 1428 844 1469 eomas.

134 1510 257 1591 Aspice
279 1532 373 1594 quun
397 1509 496 1572 multo
521 1508 663 1589 rapiatur
685 1508 802 1590 pagina
826 1511 979 1586 Baccho,

198 1613 298 1674 Plena
321 1611 446 1695 quidem
470 1613 654 1685 Venerunt,
679 1613 733 1674 sed
758 1614 921 1673 irretuenda
945 1623 1065 1676 tarnen.

131 1714 287 1793 Moribus
311 1736 331 1777 o
355 1712 488 1779 Graecis
512 1715 669 1794 prudente
692 1714 837 1776 salutifer
858 1714 927 1789 ira,
1238 1716 1258 1780 5

196 1817 363 1896 Maxime,
387 1836 444 1880 seu
466 1814 569 1893 rides,
597 1815 747 1894 comice,
773 1817 842 1880 sive
865 1829 972 1882 notas.

665 2005 719 2066 55.

131 2123 319 2188 Immortalc
341 2121 402 2186 sihi
425 2124 576 2207 templum
601 2145 695 2209 quum
722 2123 833 2187 Gratia
858 2123 978 2205 triplex

196 2228 391 2308 Quaereret,
417 2249 491 2290 eece
513 2225 620 2291 animo
643 2226 725 2290 sedit
746 2227 986 2312 Aristophanis.
1015 2221 1017 2225 ἲ

665 2397 720 2461 55.

129 2514 312 2579 Antimachi
334 2500 437 2579 fortes
460 2538 612 2581 uermeros
635 2529 666 2581 et
689 2517 828 2582 carmina
852 2518 967 2596 lauda,

197 2622 341 2681 Heroum
367 2632 507 2682 veterum
531 2621 626 2704 digna
650 2623 840 2703 supercili03

130 2721 284 2784 Formata
307 2721 422 2812 Aoniis
445 2722 628 2800 incudibus,
654 2725 739 2787 auris
762 2737 853 2787 acuta
948 2776 951 2781 .
1025 2775 1030 2783 .

195 2823 228 2884 Si
251 2823 328 2898 tibi,
353 2824 379 2887 si
402 2836 454 2887 tua
479 2847 563 2889 triens
588 2848 645 2890 ora
669 2848 781 2890 severa
804 2829 941 2909 prohat,
1040 2812 1042 2817 ¹

131 2925 259 2988 Nullius
282 2929 363 3007 pede
385 2928 459 2990 trita
483 2927 569 2990 irruat
592 2928 617 2990 si
640 2939 672 2991 tc
696 2926 760 2993 via.
807 2931 905 3009 Quod
926 2929 954 2994 si

195 3027 322 3091 Pieriae
344 3039 506 3112 sceptrum
530 3031 630 3093 laudis
653 3031 818 3095 Homerus
840 3034 953 3110 habet,

130 3129 242 3193 Vincit
264 3133 447 3212 Neptunum
471 3155 601 3218 quoqne
624 3134 788 3215 Iuppiter:
813 3147 949 3198 attamen
972 3135 1026 3201 ille

123 3241 127 3247 '
195 3235 275 3295 'sain
299 3233 347 3296 dis
370 3246 418 3297 est
442 3236 563 3312 maior,
590 3259 683 3321 quam
707 3237 788 3300 love
810 3259 891 3322 rege
914 3237 1048 3303 uiinor.'

131 3335 184 3398 Sic
206 3336 260 3398 nini
282 3337 365 3399 cedit
387 3337 466 3400 civis
492 3337 696 3420 Colophonis
719 3341 887 3418 Homero,

194 3438 259 3502 Sed
280 3439 360 3503 colit
381 3440 465 3503 hunc
488 3453 596 3505 vatum
619 3455 724 3506 cetera
749 3447 843 3507 turlm
866 3446 991 3508 ducem.

633 3591 636 3597 ’
662 3609 718 3676 se.

128 3725 280 3790 Infudere
302 3727 360 3791 tibi
382 3741 491 3792 nectar
514 3731 552 3792 de
574 3730 708 3795 floribus
733 3744 840 3797 ortum

190 3829 354 3894 Pieridum
377 3822 507 3914 campos
530 3854 612 3916 quae
633 3836 830 3919 populantur
852 3856 947 3920 apes:

263 4033 428 4092 Fervebrlque
446 4036 530 4092 rigens
549 4036 652 4091 anisnis,
672 4037 804 4082 rubicunda
818 4038 911 4085 ,vlrrnti

300 4103 370 4147 More
390 4109 431 4146 tuo
449 4104 674 4162 gestaus'tempora
692 4109 770 4152 uincta
788 4108 887 4155 hedera.

194 4167 237 4231 55]
257 4171 386 4217 Cuuiehius
406 4175 459 4217 sic:

263 4243 415 4298 Quaerebant
433 4243 544 4286 Charites
563 4246 693 4304 ternplum,
712 4249 775 4305 quod
794 4247 857 4297 nullo
876 4251 982 4294 vetustas
1052 4296 1055 4301 ,

290 4312 418 4356 Solveret:
439 4312 561 4356 inventum
578 4317 616 4358 est
633 4320 716 4371 peetus
733 4316 914 4374 Aristophanis.
