2782 4762
114 357 297 421 'Sermonis
320 357 467 432 facilem,
492 357 615 441 qualem
641 357 709 420 volt
732 357 855 432 lahula,
881 360 1008 420 ductum

193 461 303 524 Gratia
328 459 457 538 donavit
480 458 585 535 trina,
611 461 813 535 Menandre,
840 458 908 522 tibi.

128 564 326 644 Perpctmnn
350 560 452 626 vives.
495 562 592 645 ¹Quae
613 564 652 624 dc
674 572 705 625 te
727 561 832 645 surgit
856 560 991 627 Athenis

194 664 326 743 Gloria,
350 663 502 728 caelestes
526 662 612 728 venit
634 665 673 726 ad
696 682 796 746 iisque
819 665 946 728 domos.

660 850 714 912 57.

130 973 217 1037 Eece
240 980 429 1035 coronatum
452 990 577 1051 semper
599 980 713 1051 caput,
739 990 815 1034 ecce
838 970 1071 1047 Menandrum,

196 1073 262 1152 Qui
284 1073 376 1136 Siren
400 1092 553 1146 scaenae,
577 1093 710 1153 compar
732 1071 864 1136 Amoris
888 1083 968 1136 erat.

131 1176 258 1239 Auctor
280 1195 414 1258 namque
436 1173 546 1236 hilaris
570 1171 653 1235 vitae
675 1170 734 1235 suit
756 1172 852 1256 inque
875 1175 1033 1238 theatrum

194 1276 324 1342 induxit
347 1275 465 1358 Paphii
485 1273 625 1341 foederis
649 1296 742 1339 omne
765 1297 878 1359 genus.
922 1321 924 1324 -

667 1462 719 1525 58.

133 1581 308 1648 Proximus
331 1583 382 1645 hie
405 1581 517 1647 merito
540 1594 623 1663 stas,
649 1584 744 1645 docte
768 1580 969 1660 Menander,
995 1581 1132 1646 Amori:

195 1686 277 1748 Nam
300 1696 333 1746 tn
357 1696 457 1764 mysta
480 1683 580 1747 saeris
604 1684 748 1746 dulcibus
771 1684 838 1747 eius
862 1705 946 1747 eras.

134 1787 279 1868 Qtiantns
302 1808 373 1850 enm
399 1787 527 1862 tuleris,
552 1787 606 1848 vel
628 1806 710 1847 utine
733 1796 781 1849 cst
804 1786 948 1848 discere:
975 1808 1043 1848 nam
1069 1797 1118 1864 te,

196 1890 262 1955 Ora
286 1900 337 1953 tua
361 1891 413 1951 hle
435 1887 579 1973 quisquis
603 1887 781 1970 conspicit,
807 1889 908 1953 onmis
930 1900 1025 1952 amat.

662 2075 715 2139 59.

134 2196 224 2262 Urbe
246 2206 320 2271 tua,
346 2195 485 2276 Sicyon,
510 2194 634 2278 lepidae
656 2206 825 2277 ,irascente
851 2196 1009 2260 Camenae

198 2296 280 2362 Cum
305 2299 439 2363 Bromio
464 2301 574 2362 ludens
598 2298 707 2361 Gratia
732 2310 820 2360 terna
844 2299 948 2374 dedit,

133 2398 231 2465 Risus
254 2420 383 2463 acumen
407 2402 520 2474 habet;
544 2401 779 2485 castigeturque
801 2399 941 2464 iocando

196 2505 292 2579 Vita;
314 2505 418 2570 bonos
441 2524 548 2568 mores
571 2504 659 2568 ebria
683 2507 782 2568 turba
800 2505 906 2568 docet.

663 2688 717 2754 50.

132 2811 208 2874 Nou
230 2809 324 2884 facile
345 2809 375 2873 in
399 2812 500 2874 lucem
525 2812 651 2887 venies,
676 2813 701 2874 si
724 2811 811 2876 forte
835 2821 956 2874 meatus

194 2913 367 2988 Incideris,
393 2925 502 2976 noster
525 2937 606 2999 qiios
629 2915 825 2994 labyrinthus
848 2915 957 3002 habet.

133 3015 214 3079 Tam
236 3015 331 3078 tortis
355 3015 532 3079 Cassandra
556 3016 634 3079 ltrrit
654 3016 790 3080 fanatica
813 3016 940 3090 vorbis,

122 3123 125 3128 '
197 3118 287 3197 Quae
310 3118 443 3183 Priamo
466 3119 599 3183 memori
621 3120 748 3182 nuntius
771 3141 829 3183 ore
850 3118 965 3182 refert.

134 3219 169 3282 Si
191 3219 247 3282 tibi
270 3218 418 3302 Calliope
442 3242 501 3284 eor
523 3221 656 3298 irnbuit,
682 3221 811 3303 accipe:
834 3223 951 3285 Musae

196 3321 232 3386 Si
254 3322 341 3386 rudis
364 3344 417 3399 es,
441 3323 584 3386 inanibus
606 3345 670 3388 non
694 3323 753 3387 nisi
774 3325 900 3407 pondus
923 3324 1034 3389 hahes.

664 3513 719 3574 51.

135 3627 320 3695 Callimachi
343 3651 469 3695 carmen
492 3643 577 3696 teres
600 3631 737 3715 aspicis:
763 3631 867 3696 onmia
891 3629 1010 3714 quippe

176 3732 262 3811 ¹Qui
284 3754 372 3796 sacra
397 3735 566 3797 Musarum
589 3746 773 3800 commovet
795 3737 858 3799 hoc
881 3754 996 3814 opere.

133 3835 194 3899 Est
216 3836 353 3899 Hecales
377 3835 468 3898 isthic
491 3858 560 3900 casa
583 3859 703 3920 parva,
728 3839 784 3900 sed
806 3835 933 3918 hospita
957 3834 1092 3919 Thesei,

197 3939 344 4000 Theseos
368 3949 400 4001 et
422 3941 537 4002 sudans
561 3938 590 4002 in
614 3940 812 4003 Marathone
835 3940 940 4002 labor.

133 4040 200 4105 Par
222 4041 341 4112 habeas
365 4052 444 4122 opto
466 4045 586 4119 robur,
611 4042 790 4118 Marcelle,
814 4041 981 4114 iuventae,

195 4145 307 4206 Laude
330 4165 389 4206 nec
413 4145 579 4229 omnigena
602 4143 643 4208 sit
665 4145 721 4208 tibi
744 4143 807 4208 vita
832 4143 948 4206 minor.

166 4245 267 4300 ,Eclogae
282 4245 337 4287 Poet-
353 4246 395 4288 Lat.
991 4244 1037 4308 21
