2782 4762
105 355 263 419 Maternis
287 352 402 420 laudor
428 352 567 420 lacrimis
592 355 746 443 urbisque
768 357 930 442 querelis,

167 458 307 523 Defensa
327 469 359 520 et
378 460 496 543 gemitu
520 458 669 523 Caesaris
692 479 765 523 ossa
796 480 878 523 inea.

103 561 165 625 llle
186 582 243 624 sua
265 571 337 624 nata
361 561 488 647 dignam
512 561 631 626 vixisse
661 582 809 626 sororem

168 665 321 745 Increpat
337 675 369 727 et
392 665 539 728 lacrimas
561 663 697 727 vidimus
712 664 767 727 ire
789 667 874 736 deo..

104 769 149 831 Et
171 776 277 831 tamen
299 766 418 831 emerui
442 787 620 851 generosos
643 766 741 841 vestis
766 768 930 843 honores,

169 871 240 934 Neo
263 891 332 933 mea
354 872 392 932 de
416 869 518 932 sterili
536 868 622 933 iacta
649 868 760 952 rapina
779 871 889 935 domo.

103 975 174 1050 Τιι,
199 972 343 1054 Lepide,
369 984 400 1036 et
426 985 479 1048 tu,
503 971 635 1046 Panile,
659 992 762 1034 meum
789 970 951 1053 postlata
973 972 1140 1048 levamen,

168 1075 307 1140 Condita
329 1086 403 1137 suut
428 1084 536 1137 vestro
558 1072 676 1136 lumina
699 1085 809 1137 nostra
831 1073 916 1137 sinu.

103 1178 254 1243 Vidimus
277 1189 308 1240 et
329 1178 462 1240 fratrent
486 1176 595 1239 sellam
618 1175 798 1260 geminasse
821 1176 984 1252 ettrulean,

168 1281 311 1346 Consule
334 1301 399 1362 quo
422 1280 509 1365 facto
530 1290 677 1360 tempore
702 1289 792 1360 rapta
814 1298 924 1343 soror.
989 1282 992 1287 ’

103 1382 203 1458 Filia,
229 1394 264 1445 tu
285 1381 447 1465 specimen
469 1402 623 1445 censurae
646 1392 718 1442 nata
739 1392 913 1463 paternae,

167 1487 233 1550 Fae
257 1497 365 1548 teneas
389 1506 487 1547 tinum
507 1502 566 1546 nos
587 1483 708 1545 imitata
732 1483 856 1558 virum,

103 1592 149 1654 Et
175 1586 257 1652 serie
279 1588 389 1652 fulcite
411 1608 524 1672 genus.
570 1586 655 1650 Mihi
678 1589 790 1667 cymba
814 1586 939 1650 volenti

167 1692 316 1756 Solvitur
338 1691 479 1753 attoturis
497 1700 546 1753 tot
569 1711 636 1752 mea
661 1689 725 1752 fata
750 1689 850 1753 unalis.

105 1797 265 1859 Haereat
287 1792 414 1856 feminei
440 1812 560 1855 merces
587 1799 733 1855 extrema
753 1792 928 1876 triumphi,

168 1898 296 1960 Laudat
320 1895 375 1958 ubi
397 1893 562 1958 emeritum
585 1893 683 1957 libera
705 1895 787 1957 sama
812 1916 943 1981 rogum.

104 2002 200 2064 Nunc
222 1997 280 2071 tibi
306 1999 493 2061 commendo
515 1997 693 2059 eommunia
718 1997 859 2081 pignora
883 2011 999 2064 natos:

167 2102 259 2165 Haeo
281 2120 359 2162 cura
382 2108 414 2162 et
436 2097 536 2161 cineri
558 2099 658 2181 spirat
680 2097 781 2162 inusta
807 2121 894 2166 meo.

103 2206 256 2288 Fungere
281 2200 430 2265 maternis
453 2201 597 2277 vicibus,
621 2211 735 2283 pater:
756 2202 810 2265 illa
832 2224 977 2269 meorum
1186 2206 1226 2266 75

167 2305 279 2371 Omnis
301 2305 362 2369 erit
383 2306 470 2370 collo
495 2307 589 2368 turba
611 2305 743 2368 terenda
765 2316 837 2370 tuo.

102 2410 223 2476 Oscula
247 2430 346 2493 quom
369 2407 495 2472 dederis
518 2418 570 2471 tua
593 2406 761 2483 flentibus,
787 2407 888 2472 adiioe
912 2408 1035 2473 matris.

167 2516 253 2577 Tota
277 2514 391 2575 domtus
414 2509 523 2592 eoepit
544 2531 628 2572 nuno
650 2528 732 2572 onus
755 2529 824 2573 esse
847 2520 948 2574 mrim.

101 2695 202 2754 dieitur)
221 2697 251 2741 ad
270 2695 361 2741 Numae
379 2708 480 2754 regnum
500 2695 615 2741 refertur.
635 2708 659 2739 v.
680 2694 782 2748 Dionys.
802 2695 857 2739 llal.
879 2691 904 2749 2,
925 2691 968 2740 58.
988 2696 1043 2740 Vel·
1063 2695 1131 2742 Max.
1154 2694 1178 2752 l,
1200 2696 1224 2752 l,

104 2766 129 2814 7.
186 2765 227 2812 59.
259 2765 327 2810 Iulio
345 2765 446 2824 Augusti
465 2767 560 2810 demum
588 2769 672 2822 quarto
700 2764 793 2808 decimo
820 2764 917 2808 circiter
940 2777 1002 2808 anno
1025 2770 1079 2819 post
1097 2766 1227 2811 Corneliae

101 2841 205 2882 mortem
232 2837 348 2894 relegata.
414 2833 455 2879 tt.
494 2834 573 2891 Quam
605 2835 696 2878 ineerta
736 2834 903 2887 interpretatio
934 2846 1118 2893 generosorum
1150 2836 1227 2880 sestis

101 2904 225 2951 honorum
251 2905 389 2957 videretur,
409 2918 470 2962 qnos
489 2905 597 2961 plerique
613 2905 641 2947 de
657 2907 722 2946 veste
741 2903 870 2947 matronali
892 2902 965 2946 trium
986 2903 1120 2948 liberorum
1141 2906 1226 2950 matri-

102 2975 148 3020 bus
178 2974 294 3018 concissa
321 2975 471 3033 intelligunt,
499 2975 596 3017 Santen.
622 2973 687 3016 coni.
711 2971 812 3028 stirpis.
868 2968 911 3018 64.
931 2962 1015 3017 settin
1033 2997 1043 3009 -
1062 2986 1139 3017 munte
1159 2975 1224 3019 Seal.

102 3045 187 3089 tleine.
210 3044 274 3089 noui.
331 3041 373 3090 66.
402 3044 442 3088 Sir
464 3043 525 3090 Cdd.
554 3039 602 3085 Lt.
625 3041 768 3097 Nentiqnam
788 3047 929 3086 construere
948 3055 1076 3097 possumus
1095 3048 1223 3100 tempore,

101 3114 206 3158 consule
224 3126 271 3172 quo
282 3104 377 3171 sueto,¹
399 3116 424 3158 ul
442 3113 473 3157 sit
498 3123 556 3167 pro:
588 3125 640 3165 „eo
656 3115 780 3164 tempore,
813 3125 859 3167 quo
878 3112 962 3156 eoneul
980 3111 1059 3157 tectus
1080 3113 1152 3170 est”;
1183 3114 1227 3157 sed

102 3188 214 3240 tempore
236 3195 265 3226 ax
288 3185 340 3238 ipsa
354 3180 439 3227 versus
458 3182 648 3225 conformatione
667 3180 772 3234 pertinet
794 3181 823 3223 ad
845 3194 868 3225 v.
891 3187 974 3239 rupto.
1012 3182 1062 3226 lain
1079 3182 1124 3227 boc
1146 3183 1228 3237 dupli-

101 3266 156 3298 cem
173 3252 277 3319 admittit
292 3252 496 3307 explicationem:
530 3248 556 3308 e)
576 3264 619 3306 pro
634 3251 762 3311 tempori,
790 3253 910 3307 temperi,
940 3252 957 3297 i.
977 3264 1000 3294 e.
1020 3252 1094 3295 nianie
1118 3257 1228 3313 mature,

102 3322 175 3367 nimis
192 3322 256 3366 rito:
279 3321 303 3376 b)
322 3327 431 3376 tempore
448 3326 601 3375 opportuno,
621 3333 678 3374 „rue
695 3322 747 3373 ipsa
762 3321 932 3375 nonnoleute‚
962 3324 1043 3376 utpote
1067 3334 1128 3378 qnae
1147 3326 1227 3366 tamen

101 3391 204 3435 tratrem
222 3391 336 3435 vidissem
358 3391 447 3435 tactum
466 3391 615 3434 consuleru.”
650 3389 682 3432 Et
702 3389 762 3433 hnttc
785 3390 967 3444 explicationem
982 3391 1093 3444 praefero
1116 3391 1246 3446 equidem

101 3474 157 3506 eum
175 3460 301 3515 Bellero,
334 3473 406 3517 quum
435 3474 477 3514 per
497 3464 573 3502 totum
595 3472 692 3502 casinen
717 3458 831 3502 Cornelia
855 3459 894 3512 pio
918 3460 942 3501 in
966 3459 1032 3502 Deos
1054 3460 1134 3502 animo
1159 3472 1228 3503 snam

101 3531 248 3574 voluntatem
260 3531 289 3573 ad
301 3529 409 3574 Deorum
419 3541 440 3575 s.
453 3529 506 3572 Fati
519 3530 586 3573 iussa
604 3529 714 3583 applicet.
752 3525 817 3582 (Alte
833 3526 888 3570 ttre
903 3525 986 3571 Redeo
1004 3526 1103 3571 otdrnen
1114 3523 1228 3583 suorume

101 3597 243 3658 Ergebuug
262 3599 288 3642 in
315 3597 360 3643 dee
377 3595 524 3642 Sollicitando
543 3596 658 3650 Gebote.)
700 3598 765 3649 lam,
798 3610 868 3653 quum
888 3597 933 3640 boc
950 3611 998 3640 uun
1021 3593 1228 3641 vide1·enllnter·

102 3673 197 3723 protes,
231 3669 297 3711 varie
320 3669 491 3712 coniecerunt:
513 3664 609 3725 sunere
641 3667 781 3719 Anonymus
808 3667 907 3725 Augtne.
921 3662 993 3723 sesto
1018 3672 1127 3722 tempore
1145 3668 1225 3722 Kopp.

93 3733 152 3796 soti
169 3738 276 3781 erimine
294 3737 402 3782 Bronltb.
422 3732 515 3780 Consul
533 3749 580 3795 qno
591 3732 682 3793 suctus
698 3741 807 3792 tempore
824 3749 848 3780 r.
868 3748 892 3779 a.
911 3735 1010 3779 Larbin.
1030 3734 1054 3779 in
1074 3735 1120 3779 Ed.
1145 3750 1182 3790 pr.
1194 3755 1229 3769 -

102 3802 209 3851 Consule
227 3820 291 3866 quo,
320 3803 413 3865 inserto
434 3813 542 3863 ternpore
565 3821 589 3852 r.
610 3817 632 3848 a.
652 3804 740 3858 Iacob,
766 3808 828 3862 quod
858 3804 982 3848 Latinitati
1006 3806 1158 3850 adversatur.
1196 3806 1223 3850 la

102 3875 164 3920 Add.
191 3881 269 3920 tamen
296 3877 349 3931 ipse
370 3889 463 3934 quoque
485 3876 564 3919 redire
592 3875 686 3919 videtur
712 3874 741 3917 ad
768 3875 873 3919 Bellieni
896 3875 1022 3929 interpret.
1089 3872 1227 3929 70.„1deo

102 3945 186 3991 libenti
209 3946 290 3989 animo
309 3947 416 3999 morior,
449 3945 504 4001 quin
525 3943 578 3989 fieri
598 3948 693 3998 potest,
721 3948 746 3986 ut
763 3946 837 3987 multa
861 3945 884 3987 in
904 3947 1026 3997 posterum
1048 3945 1112 3989 inula
1128 3950 1227 3990 eomita-

101 4021 157 4060 turn
180 4016 229 4059 sint
252 4016 387 4072 longiorem
406 4015 505 4058 vitam.'’
552 4013 631 4058 Locus
655 4018 692 4057 est
718 4014 873 4066 sanissimus,
899 4014 943 4056 etsi
972 4026 986 4054 a
1012 4013 1094 4057 multis
1113 4021 1227 4061 vexatos:

100 4084 200 4129 Laetam.
222 4086 245 4127 in
269 4085 314 4128 Ed.
335 4099 372 4139 pr.
392 4085 455 4127 cont.
475 4084 555 4137 meis,
587 4095 659 4127 seusu
680 4083 779 4138 aliquo,
800 4096 847 4126 non
867 4075 944 4126 tuinen
965 4085 1033 4126 extra
1055 4083 1228 4129 dubitationem

102 4154 193 4210 posito.
223 4155 328 4211 loquum
348 4154 427 4208 ampla
451 4158 563 4207 nepotum
587 4165 629 4207 spe
652 4165 707 4195 anea
729 4150 777 4194 fata
805 4154 898 4195 maiora
926 4152 1014 4195 factum
1036 4152 1066 4195 iri
1088 4154 1231 4210 videam.’')

101 4224 181 4269 Anno.
201 4223 319 4268 Etonens.
338 4222 433 4277 Solvit,
461 4221 569 4266 turturis
589 4226 624 4265 tot
638 4220 694 4264 man
709 4217 860 4279 saturnale.
885 4242 911 4254 -
933 4219 1025 4274 Solvit,
1046 4222 1153 4266 virturis
1167 4229 1228 4282 poet

101 4306 159 4336 meu
170 4288 229 4350 futu
252 4293 316 4337 meis
335 4292 416 4339 llerel.

153 4376 241 4431 Eelogse
257 4378 314 4419 l'o'e't
330 4377 373 4418 tae
959 4374 1000 4436 12
