2782 4762
194 162 258 224 160-

255 316 374 395 Troia,
399 317 447 380 bis
470 317 584 382 Oetaei
606 319 732 381 numine
754 331 845 402 capta
869 321 932 384 dei.

191 421 262 483 Nee
283 440 347 482 non
369 419 423 482 ille
445 421 490 483 tui
512 441 602 482 rasus
624 432 821 485 memorator
843 424 1005 487 Homerus

254 521 449 584 Posteritate
471 542 561 583 stium
584 542 728 583 creseere
750 521 846 584 sensit
869 544 963 605 opus.

192 624 316 706 Meque
337 622 421 685 inter
443 642 534 684 seros
556 621 697 684 laudabit
717 623 822 687 Roma
845 636 995 706 nepotes3

253 723 346 787 Illum
369 734 444 805 post
467 723 590 786 eineres
615 741 761 806 auguror
782 723 851 805 ipse
873 725 969 788 diem.

189 825 240 889 Ne
262 845 331 887 mea
351 835 536 905 contempto
558 823 638 906 lapis
660 823 777 887 indicet
799 846 873 888 ossa
895 826 1065 907 sepulcro,

252 925 426 989 Provisum
451 936 515 1001 est,
540 924 646 1003 Lyeio
669 935 746 988 vota
768 928 926 1007 probante
948 931 1023 992 deo.

190 1025 349 1091 Carminis
372 1026 492 1088 interea
515 1025 618 1089 nostri
640 1029 806 1090 redeamus
828 1027 860 1090 in
884 1029 1017 1104 orbem,

253 1130 399 1190 Gaudeat
420 1139 455 1189 ut
476 1128 680 1190 solito-tacta
702 1129 807 1209 puella
828 1150 924 1192 sono.

190 1230 321 1311 Orphea
343 1228 491 1291 delinisse
513 1230 598 1293 ieras
622 1242 655 1292 et
676 1229 933 1294 eoneitadieunt

251 1330 396 1393 Flumina
418 1330 569 1392 Threicia
592 1329 777 1393 sustinuisse
799 1330 882 1410 lyra.

189 1434 272 1495 Saxa
296 1428 500 1494 Cithaeronis
523 1433 654 1494 Thebas
676 1431 795 1514 agitata
818 1454 878 1514 per
896 1445 1000 1498 artem

252 1535 375 1616 Sponte
397 1554 452 1596 sua
474 1533 507 1596 iu
529 1532 612 1595 muri
634 1536 776 1596 membra
798 1535 902 1598 coisse
923 1535 1050 1601 serrant:

190 1634 410 1716 Quinetiam,
435 1636 653 1716 Polypheme,
678 1636 746 1698 fera
771 1637 903 1700 Galatea
925 1640 985 1700 sub
1007 1640 1126 1702 Aetnu'

251 1737 305 1800 Ad
325 1749 379 1799 tua
400 1747 546 1800 rorantes
569 1735 709 1798 earmina
729 1737 821 1799 flexit
842 1760 968 1821 equos:

188 1837 368 1915 Miremur,
393 1837 486 1901 nobis
509 1848 541 1899 et
562 1839 693 1901 Baccho
716 1849 748 1901 et
766 1839 919 1920 Apolline
942 1843 1078 1918 dextro,

252 1942 365 2002 Tarrba
386 1939 562 2021 puellarum
585 1938 613 2002 si
636 1960 704 2002 mea
726 1942 826 2002 verba
848 1940 950 2005 colit?
1047 1970 1052 1977 ·

191 2041 286 2121 Quod
309 2062 374 2104 non
397 2040 563 2103 'l'aenariis
585 2043 697 2103 domus
720 2053 768 2103 est
790 2042 866 2105 mihi
885 2043 969 2107 lulta
990 2045 1165 2121 columnis,

251 2145 322 2206 Nee
344 2162 466 2205 camera
490 2153 617 2205 auratas
640 2143 723 2206 inter
744 2145 866 2207 eburna
889 2147 995 2209 trabes
1009 2173 1021 2222 ,·

187 2246 258 2309 Nee
278 2265 347 2307 mea
368 2245 532 2307 Phaeacas
554 2256 692 2326 aequant
713 2244 857 2326 pomaria
878 2246 993 2323 silvas,

250 2348 326 2411 Nou
348 2366 486 2428 operosa
508 2344 594 2428 rigat
615 2346 761 2409 Marcius
784 2359 874 2409 antra
896 2348 1028 2430 liquor:

189 2448 237 2513 At
259 2449 376 2510 Musae
398 2445 531 2509 eomites
551 2459 585 2510 et
606 2447 746 2510 earmina
768 2461 860 2531 grata
881 2449 1000 2534 legenti

251 2551 294 2614 Et
316 2549 441 2613 defessa
463 2548 573 2612 ehoris
596 2548 762 2631 Calliopea
785 2550 873 2613 meis.

242 2776 284 2830 ii.
303 2782 381 2826 sentit
396 2781 457 2826 Cod.
479 2779 503 2826 1.
523 2781 631 2828 Broukb.
651 2781 741 2838 Vulgo.
803 2777 845 2826 to.
865 2785 892 2825 ut
911 2780 986 2825 solito
1000 2779 1072 2826 babet
1088 2781 1136 2829 Ed.
1155 2795 1193 2838 pr.
1205 2784 1303 2838 sniror,

188 2853 249 2896 ands
268 2853 331 2908 quod
357 2850 457 2895 Iauebm.
484 2849 560 2894 adhue
586 2849 728 2909 ignorabat,
757 2849 887 2904 evincitur,
915 2850 938 2893 in
961 2849 1050 2895 Cedias
1070 2853 1157 2896 saltem
1175 2866 1221 2896 uno
1244 2853 1305 2897 bans

188 2921 315 2966 laetiorem
332 2919 467 2972 exstitisse,
493 2933 564 2976 quam
584 2920 712 2975 plerasque
729 2917 791 2962 aad.
808 2923 899 2963 recent.
921 2931 944 2962 v.
964 2933 986 2963 e.
1004 2918 1088 2963 Burm.
1105 2920 1226 2965 exhibent.
1262 2922 1306 2965 Al·

188 2995 240 3034 ters
249 2989 295 3032 tta.
307 3002 346 3043 pr.
359 3001 413 3032 euin
421 2989 502 3031 mriltis
515 2988 583 3031 libris
593 2988 709 3040 insolito,
721 2988 781 3031 uude
793 2987 877 3031 Burin.
889 2991 914 3031 et
926 2986 1024 3034 Laehm.
1034 2988 1062 3031 in
1075 2987 1158 3044 solito,
1171 2990 1260 3033 eollato
1279 2987 1305 3043 2,

189 3056 223 3112 i,
243 3054 286 3100 28.
323 3054 439 3100 Gaudeat
455 3056 483 3099 in
496 3069 593 3113 puero,
612 3056 704 3114 siquis
723 3055 820 3100 amieus
833 3056 890 3103 erit.
907 3055 1013 3100 llusebll.
1032 3057 1061 3099 ad
1079 3056 1136 3101 Tib.
1157 3054 1191 3111 3,
1211 3055 1241 3118 1,
1261 3054 1304 3102 8.:

188 3125 278 3181 ,Nemo
296 3123 425 3182 gauderte
444 3137 506 3168 sono
517 3156 523 3179 ,
542 3125 610 3169 multi
629 3125 653 3169 iu
667 3137 757 3181 puero.
778 3121 849 3168 ovid.
869 3125 937 3168 Fest.
958 3122 987 3178 l,
1010 3121 1068 3170 193.
1106 3123 1221 3169 Gaudeat
1238 3125 1307 3169 assi-

188 3193 237 3238 duo
258 3206 304 3237 eus·
321 3191 377 3236 Dea
394 3205 489 3252 magna
506 3194 594 3241 sono.’'
628 3192 758 3238 Praeterea
786 3194 931 3251 iungendum
961 3196 1012 3246 est,
1044 3197 1071 3236 ut
1089 3191 1204 3237 Gaudeat
1218 3194 1306 3250 puella

188 3267 256 3307 taeta
282 3273 343 3306 sono
370 3262 460 3315 solito,
489 3264 626 3319 neutiquam
647 3274 705 3306 vero
728 3258 844 3305 &adeat
867 3258 920 3317 (in)
943 3261 1019 3304 solito
1044 3273 1106 3305 seue
1119 3261 1207 3318 puelia
1224 3267 1304 3305 taeta.

188 3331 279 3386 (Etiam
297 3331 347 3374 lae.
367 3335 393 3375 ut
412 3329 509 3387 solito.)
574 3328 616 3375 tt.
636 3328 728 3374 Noram
750 3330 852 3388 elegiam
873 3328 927 3373 bine
955 3331 1080 3373 ordiuntur
1101 3329 1192 3385 Grypb.
1210 3330 1304 3377 Doara.

187 3401 261 3454 Vulp.
299 3396 401 3456 Orphea
418 3397 557 3443 detinuisse
577 3412 630 3443 eum
655 3398 715 3444 Cdd.
735 3398 783 3442 lae.
804 3402 828 3441 et
844 3395 891 3441 L2.
911 3397 937 3441 la
955 3397 1001 3445 Ed.
1025 3411 1063 3451 pr.
1082 3397 1113 3442 L.
1136 3402 1233 3442 assutus
1254 3402 1307 3443 erst

188 3468 319 3523 Ayrmsuni
338 3468 403 3512 eori.
421 3468 519 3512 minime
537 3467 724 3522 aspernandam:
757 3464 858 3522 Orphea
873 3464 999 3517 delenisse
1004 3478 1017 3519 ‚·
1034 3467 1059 3510 io
1076 3470 1224 3521 pentametro
1245 3479 1306 3510 uou-

188 3537 247 3583 uuili
263 3542 352 3582 iterum
370 3535 520 3580 detinuisse.
537 3536 643 3582 Broalab.
662 3535 746 3579 Burin.
764 3539 907 3588 receperant
924 3533 1016 3581 lleiusii
1034 3535 1119 3579 roni:
1140 3555 1169 3567 -
1189 3531 1302 3593 Orphea,

188 3612 212 3652 ts
239 3603 347 3649 duxisse
374 3609 398 3648 et
424 3617 447 3649 v.
480 3601 522 3648 42.
541 3603 688 3649 detinuisse.
731 3601 807 3647 ltaliei
831 3602 918 3657 pauci:
938 3626 972 3636 —
991 3599 1107 3659 Orphea,
1133 3607 1157 3646 te
1174 3603 1302 3656 tenuisse,

188 3675 252 3732 quod
268 3687 343 3729 nuper
361 3672 475 3727 praetulit
493 3672 587 3718 Nobbe.
607 3696 641 3706 -
659 3667 786 3744 Orpheu‚·
809 3675 832 3713 ts
857 3670 951 3715 lenisse
968 3671 1041 3718 Kaio.
1095 3666 1137 3715 tt.
1158 3668 1306 3714 Thebanam

188 3743 272 3787 lleins.
292 3743 335 3786 sed
349 3741 435 3800 iunge:
460 3754 529 3785 saxa
554 3741 669 3801 agitata,
698 3743 816 3783 commota
835 3740 885 3783 suis
907 3740 1005 3783 sedibus
1024 3744 1048 3782 et
1065 3743 1166 3783 attracta
1188 3741 1217 3783 sd
1238 3736 1304 3782 Tise-

189 3810 244 3856 lsas.
297 3807 340 3854 49.
360 3812 386 3853 lu
411 3810 529 3855 Taenaro
556 3809 676 3853 Laronius
697 3808 862 3862 promontorio
892 3809 1033 3863 lapidicinae
1062 3808 1190 3851 marmoris
1219 3806 1304 3850 viridis

190 3882 268 3923 eraut.
286 3879 351 3923 Plio.
370 3879 404 3927 ll.
422 3877 453 3923 Ν.
474 3875 523 3932 36,
544 3875 569 3923 l.
607 3875 650 3923 52.
669 3876 733 3922 Plio.
754 3876 785 3920 ll.
805 3876 836 3920 N.
857 3874 908 3929 3¹,
929 3873 972 3920 24.
1008 3872 1160 3921 Clarissima
1180 3888 1304 3934 aquarum

189 3946 301 3991 omnium
315 3948 342 3990 iu
357 3952 406 3991 toto
427 3946 499 4000 arbe,
512 3942 630 4006 frigoris
646 3944 853 4003 salubritatisque
860 3945 949 4002 patina
959 3944 1101 4001 praeconio
1118 3944 1189 3989 urbis
1199 3940 1305 3989 Mareia

190 4020 245 4068 est,
275 4013 342 4059 inter
358 4016 457 4073 reliqua
480 4011 552 4059 deam
569 4027 676 4059 massera
695 4012 752 4056 arbi
774 4013 877 4058 tributa.
914 4010 1004 4057 Oritas·
1020 4013 1048 4057 in
1067 4013 1162 4057 ultimis
1180 4010 1305 4057 ruentibus

189 4082 353 4142 Pelignorum
364 4095 375 4128 .·
393 4083 485 4129 transit
501 4081 606 4128 Marsos
624 4089 648 4127 et
663 4080 785 4127 Fucinum
803 4082 905 4137 laeum,
924 4080 1028 4126 Romam
1048 4095 1098 4126 non
1113 4080 1187 4126 dubie
1203 4086 1304 4138 petens.

188 4150 254 4197 Mox
272 4151 300 4195 in
316 4165 406 4213 specus
427 4166 529 4207 mersa,
554 4152 581 4196 in
597 4150 732 4196 Tiburtina
751 4164 780 4195 se
799 4151 883 4208 aperit
899 4163 985 4195 norem
1002 4149 1113 4195 millibus
1129 4162 1202 4207 pass.
1216 4145 1306 4207 sorni·

190 4220 262 4266 ribus
280 4220 385 4266 struatis
400 4219 532 4279 pes-dueta.
577 4218 679 4266 Prisuus
697 4232 753 4264 eam
770 4220 797 4265 in
816 4218 902 4265 urbem
919 4218 1011 4265 duesrs
1029 4219 1176 4277 auspicatus
1194 4224 1233 4264 est
1251 4217 1307 4264 Aa·
