2782 4762
1163 192 1204 256 at

84 400 100 428 „
112 351 180 417 Iam
204 351 396 418 desiderium
414 343 522 418 rerum
540 350 656 417 insidet
670 341 808 428 sinsuper
831 343 928 406 una.''

82 457 182 539 Quod
203 458 284 521 bene
302 454 329 520 si
349 454 479 520 videant
499 455 606 521 animo
631 446 788 535 dictisque
808 456 999 533 sequantur,
1144 447 1207 511 915

82 558 275 624 Dissolvant
293 556 390 621 animi
413 580 531 643 magno
553 579 586 622 se
608 576 731 641 angore
753 562 916 637 metuque.

83 665 137 727 Tu
161 659 306 747 quidem,
330 671 364 723 ut
386 682 420 725 es
439 660 525 726 lecto
546 657 690 742 sopitus,
714 655 761 721 sic
784 653 850 718 eris
872 653 944 723 aevi

83 765 183 845 Quod
204 773 348 846 superest
371 762 494 826 cunctis
514 761 654 846 privatu'
678 757 850 825 doloribus
867 753 991 840 aegris:

83 868 131 932 At
148 888 207 931 nos
229 864 389 931 horrifico
409 863 603 929 cinefactum
624 874 656 936 te
677 884 783 946 prope
805 863 901 925 busto

83 967 316 1033 Insatiabiliter
339 967 525 1032 deflebimus
548 977 774 1051 aeternumque

81 1069 181 1135 Nulla
198 1069 265 1134 dies
286 1069 381 1135 nobis
403 1091 584 1135 maerorem
606 1091 623 1133 e
645 1079 781 1152 pectore
803 1070 919 1131 demet.

82 1173 169 1237 Illud
185 1176 226 1235 ab
244 1175 310 1238 hoc
329 1172 429 1258 igitur
448 1175 715 1259 quaerundumst,
737 1170 815 1256 quid
837 1169 879 1233 sit
897 1167 995 1232 amari

84 1279 192 1340 Tanto
213 1297 331 1357 opere,
355 1278 395 1338 ad
417 1295 562 1339 somnum
585 1272 612 1338 si
633 1271 784 1341 resredit
806 1284 901 1358 atque
921 1270 1077 1358 quietem,

84 1378 178 1458 Quur
197 1376 363 1463 quisquam
387 1388 517 1442 aeterno
539 1375 643 1460 possit
662 1378 827 1440 tabescere
849 1374 950 1438 luctu.

147 1482 226 1544 Hoc
248 1478 342 1543 etiam
360 1477 498 1555 faciunt,
521 1477 577 1542 ubi
600 1477 789 1543 discubuere
806 1487 976 1562 tenentque
1144 1475 1205 1540 925

83 1581 210 1647 Pocula
233 1603 328 1665 saepe
346 1581 492 1646 homines
513 1592 545 1645 et
563 1580 747 1644 inumbrant
768 1602 827 1645 ora
852 1577 1002 1656 coronis,

83 1687 138 1750 Ex
160 1683 266 1748 animo
287 1695 323 1746 ut
343 1683 471 1748 dicante
499 1731 513 1760 „
526 1682 645 1748 Brevis
665 1682 719 1747 hic
740 1693 788 1746 est
804 1682 929 1746 fructus
947 1679 1119 1746 homullis:

86 1788 181 1862 „lam
202 1784 318 1862 suerin
342 1807 444 1872 neque
464 1798 540 1870 post
560 1809 700 1871 uuquam
721 1805 879 1850 revocare
902 1783 1061 1848 licebit!’'

85 1891 264 1974 Tamquam
282 1887 315 1952 in
338 1898 441 1952 morte
465 1888 540 1952 mali
561 1911 631 1952 cum
654 1886 768 1970 primis
789 1889 854 1952 hoc
875 1885 918 1950 sit
940 1908 1070 1963 eorum,

85 1993 183 2074 Quod
202 1989 270 2054 sitis
293 2003 407 2054 exurat
428 1989 564 2056 miseros
585 2002 680 2076 atque
703 1988 793 2053 arida
813 2000 939 2054 torreat
1145 1989 1207 2053 930

85 2096 153 2159 Aut
175 2093 254 2158 aliae
277 2092 395 2179 quoius
418 2092 610 2158 desiderium
632 2091 767 2156 insideat
788 2091 851 2157 rei.

84 2200 156 2262 Nec
178 2196 242 2260 sibi
263 2195 346 2261 enim
368 2195 536 2282 qnisquam
559 2206 624 2259 tum
648 2217 681 2258 sc
703 2194 867 2281 vitamque
888 2194 1042 2281 requirit,

55 2354 58 2359 .
85 2302 194 2383 Quom
216 2297 341 2382 pariter
362 2320 450 2362 mens
471 2311 503 2363 et
524 2321 643 2381 corpus
667 2296 772 2379 sopita
795 2297 980 2383 quiescunt;

84 2406 169 2467 Nam
188 2400 265 2465 licet
285 2412 446 2465 aeternum
468 2423 527 2484 per
548 2422 608 2464 nos
630 2397 677 2463 sic
699 2421 766 2464 csse
788 2421 941 2482 soporem

83 2508 155 2570 Nec
175 2503 365 2569 desiderium
388 2502 492 2568 nostri
512 2525 572 2567 uos
593 2501 699 2587 attigit
720 2503 838 2578 ullum;
1145 2508 1207 2572 935

84 2610 129 2672 Et
151 2619 257 2670 tamen
278 2607 522 2692 haudquaquam
545 2616 677 2670 nostros
697 2616 774 2670 tunc
796 2605 852 2670 illa
872 2628 932 2690 per
954 2619 1042 2672 artus

84 2841 173 2884 sopore
192 2831 335 2882 oceirpatus,
356 2827 388 2870 its
406 2827 458 2873 sine
477 2829 527 2871 ullo
545 2841 617 2873 sensu
635 2828 772 2874 remanebis
781 2830 794 2851 '¹
813 2833 859 2872 cet.
888 2828 927 2873 Pii
940 2829 1068 2874 lectionem
1086 2831 1121 2876 sic
1134 2830 1208 2877 inter·

83 2901 224 2954 pretiatur:
256 2901 303 2952 „ut
326 2898 390 2941 soles
415 2910 498 2942 carere
518 2898 582 2941 omni
602 2899 766 2957 aegritudine,
798 2898 838 2943 ubi
857 2911 956 2943 seruans
974 2903 998 2942 te
1016 2900 1040 2942 in
1060 2905 1101 2943 tuo
1120 2901 1208 2946 lectulo
1298 2927 1300 2931 ν

84 2967 231 3023 occupauit”
249 2970 297 3010 cet.
328 2965 360 3011 Et
374 2967 434 3010 hanc
450 2968 593 3012 sententiam
608 2969 734 3025 requirunt
749 2983 776 3012 ea
795 2982 855 3025 quae
871 2973 1002 3025 sequuntur
1016 2981 1040 3013 v.
1056 2967 1119 3017 932..
1135 2969 1208 3016 Recte

84 3039 159 3084 etiam
174 3035 296 3091 Gesnerus
311 3036 336 3080 in
352 3037 426 3082 Thes.
441 3037 590 3095 r.Sopitus.
618 3039 678 3090 „itt
697 3039 763 3082 leto:
788 3039 829 3082 sed
845 3037 920 3081 utitur
937 3037 1065 3083 Lucretius
1084 3040 1207 3084 Socratica

84 3108 306 3166 argumentatione,
327 3105 433 3150 similem
450 3106 553 3150 futuram
573 3109 735 3153 conditionem
746 3109 794 3152 vita
807 3109 944 3152 functorum
957 3109 1068 3152 somno.'’
1105 3106 1164 3155 919.
1178 3109 1209 3154 ds

79 3190 161 3235 prope
175 3173 286 3220 Cadmi.
299 3173 352 3231 (C.)
366 3181 389 3220 et
399 3176 440 3219 alii
453 3177 501 3220 Pii.
521 3201 555 3211 -
573 3182 596 3221 te
609 3190 689 3237 prope
708 3177 812 3235 Reliqui,
827 3179 898 3223 etiam
910 3178 940 3222 E.
954 3178 1016 3223 Edd.
1030 3183 1088 3223 vett.
1098 3178 1167 3223 A.L.
1177 3180 1207 3224 11.

83 3247 153 3292 Facit
169 3246 214 3291 hue
231 3246 325 3289 Marius
339 3246 479 3291 Victorinus
492 3260 515 3300 p.
527 3244 602 3291 1951.
616 3249 646 3292 Ρ.
666 3247 799 3292 Aduerbiis
811 3246 890 3292 adiici
898 3249 1103 3304 praepositiones
1115 3255 1211 3308 negent

84 3329 172 3362 omnes
189 3312 312 3369 recliniei,
344 3315 458 3374 quamuis
481 3316 586 3361 licenter
610 3323 704 3361 ueteres
724 3319 764 3362 usi
782 3323 850 3362 sunt.
888 3316 1023 3362 Terentius
1042 3319 1069 3362 ira
1086 3315 1208 3378 Hecyra,

84 3386 235 3444 derepente:
254 3386 290 3429 itu
307 3390 331 3428 et
342 3384 476 3430 Lueretius
494 3383 616 3431 desubito.
636 3387 728 3432 Nouius
743 3402 766 3443 p.
779 3383 838 3433 775.
854 3386 966 3431 Gotbotr.
987 3387 1054 3432 Nunc
1065 3393 1143 3433 tannen
1155 3403 1209 3433 curn

84 3456 162 3501 Forb.
179 3456 281 3510 praetuli
297 3459 335 3509 te,
356 3455 389 3498 ita
405 3460 483 3500 tannen
499 3460 657 3512 construens,
678 3471 748 3515 quum
759 3469 838 3514 prope
848 3470 901 3500 cum
911 3458 990 3501 dativo
1006 3459 1072 3517 iungi
1089 3463 1207 3514 nequeat:

86 3524 248 3580 „deflebimus
269 3529 293 3568 te
323 3525 466 3573 cinefactum
493 3525 537 3580 (in)
561 3525 676 3571 horrifico
704 3527 789 3579 busto,
826 3538 900 3582 prope
930 3527 1045 3582 (bustum)
1078 3527 1211 3571 astantes.”

87 3591 146 3641 920.
166 3594 277 3649 „Omnes
292 3595 354 3639 Mss.
374 3595 404 3639 si.
423 3610 445 3639 e.
463 3600 577 3651 quattuor
596 3602 620 3641 et
636 3596 694 3652 E.)‚
724 3595 868 3658 deflevimus
889 3609 948 3652 quae
970 3611 1028 3641 vera
1050 3598 1122 3642 lectio
1147 3597 1211 3641 est.''

85 3665 164 3709 Beutl.
182 3664 220 3709 eui
235 3664 324 3708 iudicio
339 3678 383 3709 nec
398 3664 474 3709 Forb.
491 3678 567 3722 nsque
588 3679 633 3725 ego
652 3659 774 3712 accedere
786 3665 916 3719 potuimus.
967 3663 1025 3712 928.
1045 3662 1209 3723 lamsuerit,

84 3735 163 3779 intur.
176 3739 300 3791 exacturn;
319 3735 425 3789 „fuer-it,
445 3736 596 3792 usqueadeo
612 3737 659 3780 erit
676 3737 693 3781 i.
710 3752 732 3781 e.
747 3735 874 3779 celerrime
891 3741 1017 3781 evanescet
1033 3737 1079 3780 iste
1091 3735 1212 3781 fructur

87 3800 147 3850 930.
167 3803 243 3848 arida
256 3809 326 3848 terru
343 3803 372 3849 C.
383 3805 414 3848 E.
434 3809 457 3849 et
471 3819 483 3849 e
498 3805 550 3848 suis
567 3805 626 3849 Cdd.
644 3806 729 3850 Lamb.
758 3804 825 3848 Adeo
840 3805 970 3850 haeserunt
988 3806 1124 3859 eornplures
1142 3806 1167 3851 in
1185 3820 1209 3854 r.

84 3879 182 3918 torreat
212 3874 353 3928 dissyllabo.
419 3871 478 3919 931.
505 3872 567 3918 Nota
583 3880 631 3918 tum
647 3877 714 3920 ntiae
729 3889 772 3931 pro
788 3874 871 3930 alius,
891 3879 916 3918 et
933 3874 1029 3917 omniuo
1049 3875 1117 3919 otius
1135 3876 1208 3936 quis,

85 3957 132 4000 pro
153 3957 200 4001 quo
216 3944 354 4002 frequenter
372 3942 452 3988 Latini
472 3945 630 4003 quisalius,
660 3943 858 4003 praecedentibus
883 3944 1035 3998 potissimum
1059 3950 1132 4002 partt.
1152 3951 1210 4000 aut,

41 4039 43 4044 ·
63 4023 65 4027 ⁴
84 4013 138 4058 sias
157 4019 205 4058 eet.
225 4027 296 4070 saepe
314 4019 455 4068 corruptum
472 4013 497 4057 in
515 4013 620 4072 aliquis.
677 4013 736 4062 932.
757 4013 864 4072 requirit
879 4013 909 4057 A.
929 4013 959 4058 L.
976 4013 1007 4059 ll.
1027 4015 1156 4060 Latinitate
1176 4017 1212 4060 sic

84 4084 235 4139 postulante.
266 4106 298 4117 -
325 4083 436 4142 requirit
452 4108 462 4119 ·
481 4084 651 4142 ·puisscurr1·
682 4086 799 4130 Futurum
813 4083 939 4142 requiret,
965 4086 1028 4142 quod
1045 4086 1134 4131 habent
1149 4085 1210 4133 Cdd.

85 4151 171 4211 (etiam
182 4153 212 4198 C.
224 4151 266 4207 Ε.)
285 4154 358 4197 Wak.
375 4152 468 4208 Foru,
494 4153 524 4196 ab
543 4154 574 4199 iis
592 4153 726 4210 proiectum
744 4153 853 4212 ridetur,
877 4153 917 4210 qui
936 4153 1010 4210 baec,
1035 4156 1059 4199 in
1078 4156 1164 4214 quibus
1183 4155 1212 4200 ds

85 4224 197 4270 virorum
216 4236 300 4272 somno
318 4237 400 4270 serino
413 4228 463 4280 est,
483 4236 610 4281 perperam
628 4222 848 4282 interpretabantur
867 4224 895 4270 da
912 4225 999 4271 mortis
1017 4237 1112 4270 somno.
