2782 4762
191 180 252 242 tlt

252 335 436 412 Vertimus,
460 336 493 399 in
515 339 738 421 sacrasquod
760 336 846 400 dedit
867 337 920 402 ille
942 340 1041 403 ieras.

189 439 305 504 Divitis
327 441 391 503 hoc
413 437 522 502 vitium
544 449 592 502 est
613 438 701 515 atrri3
724 460 783 502 nec
806 440 889 503 bella
910 441 1057 517 luserunt,

250 540 392 626 Faginus
413 542 536 604 astabat
557 563 654 626 quum
676 544 815 625 scyphus
835 555 906 607 ante
927 545 1043 625 dapcs3

187 646 262 707 Non
285 663 391 720 arces,
416 664 480 708 non
503 642 605 706 vallus
628 654 696 706 erat
718 659 930 730 somnumque
952 648 1082 728 petebat

250 748 390 810 Securus
414 747 516 808 varias
539 747 605 808 dux
628 746 739 830 gregis
760 744 845 811 inter
867 768 960 812 oves.

187 850 280 912 'l'nnc
302 849 377 912 mihi
400 847 463 911 vita
486 847 592 925 foret,
616 848 707 933 vulgi
727 870 787 912 uec
809 848 911 911 tristia
936 870 1062 913 nossem

248 954 348 1014 Arma
371 973 430 1014 nec
451 950 607 1013 audissem
631 953 729 1014 corde
753 949 887 1013 micante
909 952 1031 1015 tubam.

184 1055 279 1117 Nune
302 1056 341 1116 ad
362 1053 445 1116 bella
468 1053 580 1116 trahor
601 1064 633 1115 et
654 1053 714 1115 iam
738 1056 809 1136 quis
830 1052 966 1116 forsitan
988 1054 1090 1117 hostis

248 1157 395 1218 Haesura
416 1155 448 1216 in
472 1166 585 1218 nostro
609 1156 671 1218 tela
694 1155 777 1239 gerit
799 1155 911 1219 latere.

184 1259 248 1320 Sed
269 1257 366 1339 patrii
386 1268 514 1319 servate
536 1258 657 1332 Lares3
681 1256 802 1320 aluistis
824 1269 855 1321 et
877 1260 979 1335 ldem‚

249 1358 420 1422 Cursarem
444 1369 571 1421 vestros
595 1380 691 1441 quom
714 1372 806 1423 tener
827 1372 899 1423 ante
920 1363 1036 1442 pedes;

182 1462 255 1524 Neu
276 1463 395 1542 pudeat
416 1461 525 1542 prisco
548 1481 608 1524 vos
630 1481 698 1523 esse
722 1482 740 1525 e
761 1461 868 1544 stipite
890 1463 1015 1538 lactos;

246 1564 299 1627 Sic
323 1561 441 1626 veteris
464 1565 554 1626 sedes
576 1562 755 1627 incoluistis
778 1564 841 1627 avi.

183 1667 276 1728 Turno
298 1664 409 1729 melius
432 1677 563 1729 tenuere
585 1667 699 1743 fidem,
726 1688 822 1750 quom
845 1687 988 1749 paupere
1011 1668 1097 1731 cultu

244 1770 359 1832 Stabat
380 1767 411 1829 in
434 1766 550 1851 exigua
573 1767 699 1853 ligneus
722 1771 799 1831 aede
826 1771 917 1832 deus.

181 1870 248 1934 Hic
270 1872 414 1954 placatus
438 1881 526 1946 erat,
550 1890 606 1933 seu
628 1869 880 1955 quislibaverat
901 1891 994 1932 uram

244 1976 309 2038 Seu
331 1974 464 2036 dederat
486 1984 613 2036 sanctae
634 1973 741 2055 spicea
765 1983 850 2037 serta
873 1986 998 2036 eomaet

180 2079 291 2161 Atque
312 2074 427 2157 aliquis
449 2075 519 2138 voti
541 2096 675 2158 compos
696 2075 760 2138 liba
783 2076 853 2158 ipse
874 2074 1019 2152 ferebat,

243 2179 389 2260 Postque
412 2197 520 2240 comes
542 2199 657 2260 pirrum
680 2177 744 2239 filia
767 2199 867 2260 parva
889 2183 1010 2242 larum.
1060 2256 1066 2265 ῃ

179 2282 225 2345 At
247 2280 340 2344 nobis
363 2290 487 2354 aerata,
514 2281 634 2353 Lares,
659 2280 806 2363 depellite
827 2282 911 2356 tela,

243 2384 423 2467 Hostiaque
446 2403 463 2444 e
489 2384 582 2464 plena
601 2383 734 2463 mystica
756 2404 876 2465 porcus
897 2387 993 2459 hara;
1035 2416 1037 2427 =

178 2488 272 2549 Hanc
291 2507 370 2569 pura
394 2506 464 2548 ctum
489 2497 579 2548 veste
601 2507 718 2568 sequar
744 2487 938 2571 myrthoquc
960 2486 1097 2549 canistra

240 2589 358 2652 Vincta
380 2610 509 2672 geram,
535 2600 640 2668 myrto
665 2588 787 2651 uinctus
810 2589 933 2671 etipse
956 2594 1070 2672 caput.'

178 2690 231 2754 Sic
253 2693 393 2773 placeam
417 2691 528 2765 vobis3
553 2691 633 2752 alius
655 2689 696 2753 sit
716 2689 811 2754 sortis
831 2691 863 2752 in
886 2692 1002 2766 armis,

241 2797 370 2858 Sternat
394 2805 425 2855 et
445 2796 601 2856 adversos
623 2795 733 2856 Marte
755 2792 885 2856 favente
905 2797 1018 2871 duces,

177 2899 221 2965 Ut
245 2896 319 2959 mihi
342 2895 468 2977 potanti
489 2895 593 2976 possit
614 2917 669 2957 sua
690 2894 795 2957 dicere
816 2898 900 2959 sacta

186 3075 189 3079 .
240 2994 340 3062 Miles
364 3009 394 3060 et
413 2994 577 3059 inmensa
600 2997 734 3080 pingere
757 3010 863 3061 castra
886 3021 987 3064 tuero.

151 3114 154 3119 '
177 3086 255 3181 Quis
283 3088 374 3168 l'ur'or
394 3111 441 3162 est
463 3111 562 3162 atram
585 3096 676 3163 bellis
698 3120 860 3165 arcessere
883 3103 1045 3166 mortem?

228 3284 252 3331 9.
267 3286 337 3329 urica
355 3285 439 3330 lleins.
461 3304 490 3317 ·-
511 3284 581 3329 acies
598 3286 659 3332 Stat.
697 3281 738 3329 10.
760 3285 839 3340 (ories
861 3287 936 3340 lleyn.
952 3283 1029 3343 coni.)
1044 3304 1073 3319 -
1092 3292 1197 3332 araturae
1210 3288 1293 3333 Heius.

175 3356 282 3401 Broulth.
317 3370 319 3375 ·
351 3352 392 3399 11.
416 3351 490 3413 soret
517 3353 599 3398 dulcia
618 3355 660 3398 iid.
680 3376 712 3387 —
725 3352 798 3412 soret
811 3351 893 3416 srugs'
910 3357 938 3400 de
957 3356 1044 3401 Bosch.
1064 3380 1098 3390 ·-
1109 3353 1195 3415 soret,
1216 3356 1296 3418 Valgi

176 3427 252 3482 lleyn.
285 3425 348 3470 coni.
369 3445 403 3457 -
419 3423 494 3468 Forat
523 3423 561 3467 val
587 3422 629 3466 ubi
650 3423 755 3468 llusrlal.
787 3425 851 3468 coni.
911 3426 973 3470 Saue
1004 3439 1057 3469 cum
1084 3426 1174 3470 Wond.
1203 3428 1293 3482 explic.

175 3497 263 3549 „Tunc
281 3496 302 3540 si
319 3494 471 3549 vixissem”;
497 3505 545 3535 non
565 3505 618 3535 eum
639 3493 711 3536 Voss.
735 3498 759 3536 et
781 3494 906 3538 Bellero:
938 3496 1054 3548 „Utinam
1080 3500 1129 3539 turn
1146 3496 1296 3541 vixissern!”

175 3565 246 3625 vulga*
262 3577 351 3618 arma,
371 3565 388 3606 i.
409 3576 432 3606 e.
451 3561 608 3605 multitudiuis
626 3561 806 3606 inconditae-ae
819 3562 918 3606 ferocis.
975 3563 1016 3608 12.
1036 3562 1151 3608 audirem
1169 3565 1292 3610 Ed.1nin.

176 3633 252 3680 1472.
309 3630 350 3676 16.
370 3627 509 3675 Curandum
527 3631 558 3673 V.
577 3631 640 3674 coni.
696 3628 738 3674 26.
760 3632 824 3676 llanc
842 3633 898 3676 lect.
919 3631 978 3677 Cdd.
992 3633 1139 3677 restituitla.
1154 3634 1294 3679 Sententia:

174 3718 221 3759 „ac
244 3702 370 3757 mysticum
405 3700 501 3756 aliquod
527 3700 594 3754 porci
624 3697 768 3744 sacrificium
792 3699 827 3759 (u.
856 3715 879 3745 o.
904 3699 1069 3756 lordicidium,
1100 3702 1226 3758 haruspice
1258 3705 1307 3747 sie·

174 3770 283 3827 iubente)
300 3771 369 3815 robis
387 3770 494 3813 oblatum
508 3767 543 3812 ita
560 3781 603 3812 vos
622 3772 713 3824 placet,
734 3776 790 3814 uta
808 3785 846 3814 me
863 3770 987 3825 depellatis
1009 3771 1084 3814 tela.¹'
1117 3772 1202 3815 Porcii
1227 3773 1291 3816 coni.

174 3842 339 3896 praetulerunt
347 3838 496 3884 recentiores
505 3843 601 3894 praeter
609 3838 637 3884 1..
649 3851 696 3882 τ-
703 3837 794 3884 Hostis
806 3839 855 3883 crit
861 3840 941 3901 pleno
950 3840 1118 3894 rustieomoil.
1125 3841 1225 3884 rustica
1231 3841 1292 3884 Cdd.

174 3910 246 3967 aliq.)
262 3922 357 3966 porcus
375 3906 440 3952 hurd
449 3919 460 3960 ;
479 3920 539 3965 quae
558 3921 587 3952 er
605 3909 635 3952 iis
654 3914 708 3962 ost,
728 3921 788 3966 quae
803 3908 1012 3966 ingeniosissime
1027 3909 1152 3963 videntur,
1172 3913 1292 3953 ettamen

175 3991 259 4034 parum
277 3983 333 4022 sunt
359 3976 507 4032 probabiles.
555 3976 646 4023 Eadem
669 3982 748 4023 autern
777 3977 838 4022 Cdd.
864 3979 973 4022 lectionis
1000 3975 1127 4021 difficultas
1150 3991 1180 4023 ao
1201 3978 1294 4021 induxit

174 4047 327 4103 Portunum,
346 4047 427 4091 uthis
444 4047 534 4092 ditaret
558 4046 699 4093 Tibullum:
717 4045 739 4092 A
756 4045 829 4090 nodia
846 4052 950 4097 aerato.
970 4046 1066 4101 Lares,
1098 4046 1214 4104 depellite
1231 4042 1291 4090 telo.

173 4115 227 4161 Nea
245 4119 311 4172 petat
328 4115 409 4160 hostili
427 4117 501 4162 missa
523 4115 610 4175 sagitta
629 4125 716 4161 mauu:
753 4114 805 4160 Neu
823 4117 981 4174 gladioceler
998 4118 1072 4160 instet
1093 4129 1175 4173 eques,
1198 4116 1294 4171 prosint

173 4184 251 4239 mihi,
271 4185 301 4229 ad
321 4197 377 4228 aras
390 4184 503 4243 Quaeque
525 4186 568 4230 tuli
583 4187 684 4241 supplex
701 4197 801 4231 munera
826 4199 932 4244 quaeque
947 4186 1040 4241 teram3
1077 4184 1142 4228 Ture
1165 4185 1206 4241 pio
1227 4185 1292 4228 eale·

173 4260 259 4312 aratque
288 4254 337 4299 foer
366 4255 507 4314 pinguisque
535 4254 643 4299 trahatur
674 4251 764 4300 Hostia
793 4252 824 4298 ds
849 4256 928 4312 plano
956 4254 1067 4314 mystica
1092 4264 1188 4310 porcus
1214 4251 1290 4297 horo.
