2782 4762
408 362 503 425 nus.
530 359 722 425 nimum.
756 361 813 438 (n.
838 357 872 424 2.
896 358 967 439 τι.)

133 470 307 538 Candidius
330 470 411 534 nihil
433 483 481 535 est
501 481 552 549 tc,
577 468 779 546 Caecilisne;
802 466 926 534 notari.

194 575 228 638 Si
251 576 378 658 quando
402 595 442 637 ex
465 573 583 638 uostris
604 573 738 636 disticha
759 593 862 662 patara
882 570 983 656 lego,
1113 618 1117 626 ·
1171 616 1176 627 ·

130 675 287 741 Protinus
310 687 363 738 aut
386 673 492 738 Marsi
513 674 630 737 recitas
652 685 708 737 ant
728 675 848 758 scripta
871 673 1012 740 Catullia

141 804 145 841 r
194 780 271 843 Hoc
289 773 367 840 'mihi
392 779 467 851 das,
491 787 651 861 tamqnam
673 775 834 855 deteriora
856 776 964 861 legas,

131 882 176 947 Ut
201 882 318 943 collata
341 877 441 963 magis
464 879 614 961 placeant
635 877 727 942 mea?
749 876 918 943 Credimus
939 877 1037 942 illnda
1145 843 1148 848 Ι
1228 877 1248 940 5
1345 909 1375 921 -·

194 982 289 1062 Malo
311 975 415 1045 tamen
436 981 573 1059 recites,
598 979 799 1059 Caeciliano,
823 991 888 1049 tua.
966 1029 970 1035 .

423 1133 502 1198 LV.
537 1131 718 1199 emacem.
755 1131 813 1210 (a.
837 1104 870 1194 s.
890 1102 964 1211 ns.)

128 1243 262 1320 Nescis,
287 1245 384 1306 crede
407 1241 500 1321 mihi,
524 1241 600 1326 qnid
626 1241 689 1306 sint
712 1240 960 1326 epigrammata,
984 1238 1120 1307 Flacca:

194 1346 258 1427 Qui
280 1357 401 1409 tantum
423 1347 511 1409 lusus
533 1344 586 1409 illa
607 1341 765 1428 iocosque
787 1353 894 1427 putas.

111 1449 189 1531 ,Ille
212 1447 313 1532 magis
336 1448 433 1524 ludit,
458 1445 514 1532 qui
535 1445 647 1511 scribit
666 1445 799 1528 prandia
824 1442 914 1510 saevi

193 1553 320 1615 Tereos
343 1561 399 1613 aut
420 1571 576 1627 coenam,
601 1552 699 1613 crude
724 1549 885 1630 Thyesta,
908 1562 1015 1628 tuarn,
1063 1600 1067 1605 .

128 1656 197 1718 Ant
218 1673 322 1736 puero
345 1652 479 1737 liquidas
500 1638 659 1735 aptantem
681 1652 845 1717 Daedalon
868 1652 952 1726 alas,
1229 1651 1249 1715 5

191 1758 380 1819 Pascentem
403 1753 526 1818 Siculas
548 1766 602 1818 ant
623 1755 848 1837 Polyphemon
870 1772 963 1817 oves.

130 1858 163 1921 A
186 1857 305 1921 nostris
326 1857 443 1941 procul
465 1868 513 1920 est
534 1844 635 1922 omnis
658 1856 762 1921 vesica
784 1854 918 1919 libellisa
970 1898 973 1903 ·

192 1962 289 2024 Musa
312 1981 372 2023 nec
392 1958 505 2023 insano
527 1969 666 2040 syrmate
688 1969 797 2023 nostra
820 1967 934 2024 tumet.
1001 1959 1003 1963 ’

128 2062 189 2126 llla
212 2074 316 2125 tannen
337 2062 464 2125 laudant
487 2082 616 2140 omues,
639 2060 814 2138 mirantur,
839 2063 993 2126 adorant:

192 2162 382 2229 Confiteorz
406 2166 535 2228 laudaut
555 2152 627 2244 illa,
650 2153 708 2230 sed
727 2162 790 2228 ista
811 2150 936 2250 legunt.
1208 2161 1251 2227 10
1370 2155 1374 2161 ’

412 2315 509 2378 LVI.
545 2312 724 2378 Eiusdem.
761 2303 819 2395 (L.
842 2310 875 2379 5.
898 2313 968 2396 58.)

128 2422 211 2489 Cras
233 2433 265 2487 te
286 2421 463 2500 victurum,
488 2444 561 2486 oras
583 2423 680 2501 dicis,
703 2415 877 2504 Postume,
900 2445 1045 2510 sempera

191 2525 254 2589 Dic
276 2524 369 2602 mihi,
395 2546 466 2588 cras
487 2525 590 2603 istud,
613 2528 787 2606 Postume,
813 2515 942 2613 quando
964 2526 1076 2593 venit?

129 2628 232 2708 Quam
254 2626 353 2711 longe
375 2648 447 2691 cras
469 2626 654 2696 istud-'lubi
676 2628 747 2694 est?
770 2643 823 2694 ant
846 2635 928 2694 unde
949 2628 1142 2713 petendum?

193 2729 358 2815 Numquid
381 2733 465 2812 apud
487 2732 627 2796 Parthos
651 2724 888 2815 Armeniosque
909 2732 1010 2796 latet?

103 2828 105 2832 ’
129 2832 198 2896 Iam
221 2853 292 2894 cras
313 2831 400 2894 istud
422 2833 519 2895 habet
540 2833 660 2897 Priami
684 2834 735 2896 rel
756 2834 913 2899 Nestoris.
928 2852 1050 2912 annoss
1226 2837 1246 2902 5

194 2932 277 2998 Cras
300 2933 383 2997 istud
407 2933 536 3018 quanti,
558 2934 608 2998 dic
630 2925 854 3018 mihi,3possit
872 2934 958 3000 cmi?
1080 2953 1102 2977 ν’

129 3034 211 3101 Cras
233 3035 339 3099 vives!
363 3036 471 3101 Hodie
493 3037 553 3099 iam
576 3036 703 3113 virere,
726 3037 901 3116 Postume,
924 3059 1030 3103 serum
1051 3051 1113 3107 est.
1176 3038 1181 3042 ’

191 3138 253 3202 Ille
274 3138 374 3223 sapit,
400 3130 565 3224 quisquis,
589 3141 764 3218 Postume,
789 3139 870 3206 vixit
890 3140 973 3206 heri.

412 3280 527 3346 LVII.
561 3278 739 3346 Eiusdem.
773 3280 829 3360 (L.
853 3281 887 3346 5.
910 3281 978 3363 58.)

130 3387 286 3453 Colchida
310 3388 385 3472 quid
408 3389 546 3454 scribis?
567 3391 643 3474 quid
664 3389 799 3470 scribis,
824 3392 941 3472 amice,
966 3395 1163 3476 Thyestem?

64 3517 75 3533 ·
193 3491 278 3571 Quid
300 3491 357 3554 tibi
380 3493 432 3555 vel
455 3492 562 3563 Niobe
570 3538 584 3571 ,⁴
605 3494 725 3571 Basse,
749 3494 803 3558 vel
824 3496 1071 3563 Andromache?

129 3594 271 3657 Materia
296 3606 363 3669 est,
387 3592 463 3655 mihi
485 3590 599 3673 crede,
620 3578 685 3679 vtuis
703 3593 868 3678 ‘aptissima
889 3590 1027 3662 chartis

192 3695 387 3772 Deucalion,
412 3696 482 3773 rel,
507 3697 533 3760 si
555 3718 621 3761 non
643 3697 747 3781 placet
768 3699 837 3777 hic,
861 3701 1047 3767 Pha'e'thon.

393 3838 526 3903 svin.
559 3835 740 3902 erassem
777 3828 833 3919 (L.
855 3839 891 3902 s.
917 3839 984 3918 rs.)

130 3944 166 4008 Si
188 3957 261 4021 tua,
286 3944 410 4022 Cirini,
433 3947 819 4032 promasepigrammata
841 3950 962 4033 volgo,

192 4048 257 4111 Vel
280 4068 400 4109 merram
423 4046 529 4129 possis
552 4049 602 4112 rel
624 4050 716 4132 prior
736 4050 805 4132 ipse
825 4051 911 4136 legia

128 4148 192 4211 Sed
214 4147 272 4210 tibi
294 4160 400 4211 tantus
422 4149 505 4214 inest
528 4152 649 4227 veteris·
665 4164 833 4235 respectus
855 4149 964 4230 amici,

192 4250 310 4315 Carior
332 4263 367 4313 ut
389 4273 457 4316 mea
479 4251 521 4316 sit
543 4276 636 4339 qnam
657 4266 710 4320 tua
731 4255 816 4319 fama
837 4254 906 4320 tihi.

177 4353 267 4409 Eulogo·
282 4356 339 4397 l’ou.
353 4355 398 4396 Lu.
706 4344 709 4351 '
972 4355 1013 4421 13
