2782 4762
180 225 246 290 270

487 384 564 447 XL.
588 379 766 446 Eiresdem.
789 380 848 459 (L.
872 380 904 443 1.
928 378 999 458 118.)
1038 402 1041 409 ·

180 496 294 580 Nuper
315 503 386 559 erat
408 491 566 573 medicus,
588 512 673 556 uiroc
694 502 743 555 est
764 490 902 573 vespillo
923 490 1076 557 Diaulus:

244 598 341 678 Quod
363 596 497 679 vespillo
519 595 613 674 lecit,
637 595 760 659 fecerat
781 606 813 658 et
834 595 988 659 medicus.

243 738 339 803 XLI.
376 736 555 801 Eiusdem.
578 735 636 799 Ad
652 732 829 800 Valerium
846 736 1015 801 Flaccum.
1044 733 1102 815 (L.
1119 733 1151 798 l.
1168 732 1240 816 27.)

181 848 211 913 0
234 847 309 912 mihi
331 869 477 911 curarum
498 845 638 929 pretium
660 867 726 909 nou
749 844 812 910 vile
834 867 995 925 mearum,

242 951 377 1024 Flacco,
402 947 582 1012 Antenorei
603 968 677 1030 spes
699 959 731 1011 et
752 948 876 1012 alumne
899 950 1016 1013 Laris:

179 1052 306 1119 Pierios
330 1053 423 1115 differ
444 1061 619 1136 cantusque
642 1052 826 1134 chorosque
848 1053 1024 1128 Sororum3

242 1158 309 1219 Aes
333 1154 421 1217 dahit
443 1174 484 1216 ex
507 1153 574 1216 istis
595 1153 681 1240 nialla
703 1153 808 1236 puella
830 1153 899 1221 tibi.

179 1257 265 1337 Quid
287 1258 369 1339 petis
392 1277 409 1318 a
433 1253 596 1320 Phoebo?
617 1257 775 1320 Nummos
797 1258 894 1320 hahet
909 1278 991 1323 arca
1013 1257 1208 1321 Minervaea
1284 1258 1304 1320 5

242 1361 333 1422 Haec
355 1361 456 1439 sapit,
481 1358 560 1420 haec
583 1378 693 1423 omnes
714 1357 840 1422 fenerat
862 1381 923 1423 stus
946 1363 1045 1423 deos:

178 1460 266 1541 Quid
288 1471 419 1542 possent
441 1460 578 1522 hederae
601 1458 721 1522 Bacchi
743 1459 842 1524 dare?
864 1461 1006 1526 Palladis
1027 1463 1126 1526 arbor

243 1561 379 1625 Inclinat
401 1561 505 1624 varias
528 1563 672 1642 pondere
694 1561 786 1647 nigra
809 1585 931 1628 conras.

179 1664 315 1728 Praeter
337 1685 435 1747 aquas
458 1664 597 1727 Helicon
619 1674 651 1727 et
672 1674 757 1728 serta
780 1665 932 1750 lyrasque
955 1668 1087 1730 deorum

242 1765 296 1829 Nil
319 1767 417 1829 hahet
440 1776 471 1829 et
494 1787 643 1849 maguum
665 1787 792 1849 semper
813 1767 903 1831 inane
925 1769 1061 1850 sophos.
1262 1769 1306 1831 to

178 1868 264 1948 Quid
287 1866 347 1931 tihi
368 1890 439 1931 cum
464 1866 604 1932 Cirrha?
627 1867 703 1953 quid
725 1891 795 1932 eum
818 1869 1021 1933 Permesside
1044 1868 1152 1933 nuda?

240 1972 423 2034 Romanum
444 1969 578 2053 propius
602 1969 794 2056 divitiusque
817 1971 924 2036 lorum
947 1982 1008 2036 est.

176 2072 250 2137 Illic
273 2092 349 2135 aera
371 2084 505 2147 sonant;
529 2084 561 2136 at
583 2072 700 2136 circum
724 2073 847 2156 pulpita
870 2086 981 2138 nostra

242 2176 287 2239 Et
307 2174 432 2239 steriles
454 2177 622 2238 cathedras
643 2174 730 2238 basia
752 2176 821 2241 sola
844 2188 988 2259 erepant.

448 2298 563 2361 XLII.
608 2296 787 2362 Eiusdem.
822 2295 879 2377 (L.
905 2297 936 2361 1.
960 2297 1032 2378 92.)

178 2409 285 2503 Quom
308 2415 362 2470 tua
385 2425 448 2470 uon
471 2409 566 2482 edas,
591 2405 698 2488 carpis
720 2428 790 2471 mea
813 2406 972 2485 carmina,
995 2408 1108 2472 Laeli:

241 2508 388 2592 Carpere
410 2508 462 2572 vel
484 2507 551 2571 ooli
573 2519 685 2573 nostra
708 2509 760 2574 vel
781 2511 839 2574 ede
861 2520 930 2574 tua.

452 2631 586 2694 xum.
622 2628 802 2700 erassem.
837 2632 896 2709 (n.
920 2616 952 2694 a.
979 2631 1026 2711 a.)

176 2741 346 2806 Declamas
368 2740 468 2815 helle3
494 2738 605 2803 caussas
627 2738 719 2825 agis,
743 2742 875 2819 Attalo,
899 2742 1004 2818 helle3
1037 2792 1039 2796 .

241 2843 405 2906 Historias
426 2841 546 2919 bellas,
571 2842 711 2905 carmina
733 2843 815 2906 bella
836 2841 930 2907 sacis.

177 2944 357 3027 Componis
379 2945 463 3008 belle
485 2944 617 3020 mimos3
642 2944 872 3030 epigrammata
895 2946 997 3022 helle;

241 3047 352 3110 Bellus
376 3047 620 3130 grammaticus,
644 3047 747 3110 hellus
771 3068 805 3111 es
826 3049 1025 3134 astrologus.

176 3150 221 3214 Et
243 3149 327 3212 belle
350 3160 456 3212 cantas
478 3160 510 3212 et
534 3150 648 3226 saltas,
671 3149 801 3228 Attalo.
824 3151 925 3226 belle3

240 3250 351 3312 Bellus
375 3271 410 3313 es
432 3262 499 3314 arte
521 3251 627 3332 lyrae,
652 3251 755 3314 hellus
777 3273 812 3315 es
834 3262 902 3315 arte
924 3251 1023 3334 pilae.

176 3350 233 3416 Nil
255 3354 335 3415 hene
357 3352 596 3436 quantaene,
620 3353 700 3418 facis
723 3364 861 3416 attamen
884 3352 988 3417 omnia
1010 3353 1107 3418 helle.

240 3454 301 3518 Vis
324 3453 426 3519 dicam
448 3454 525 3540 quid
546 3454 613 3518 sis?
635 3457 779 3540 Magnus
802 3475 835 3518 es
859 3456 997 3520 ardelio.

444 3577 575 3641 XLIV.
608 3574 786 3661 Eiusdem.
820 3577 879 3656 (L.
903 3576 935 3639 2.
960 3577 1027 3669 29.)

177 3670 330 3752 Carmina
352 3685 483 3752 Paullus
506 3685 601 3764 emit,
624 3686 739 3750 recitat
760 3708 817 3751 sua
840 3687 978 3750 carmina
1003 3687 1155 3767 Paullus3

240 3791 344 3869 Nam,
368 3792 457 3873 quod
479 3809 582 3875 emas,
605 3789 712 3872 possis
735 3789 840 3856 dicere
862 3789 932 3853 iure
954 3800 1057 3853 tuum.

457 3913 569 3977 XLV.
589 3888 793 4001 'seusam
814 3912 873 3991 (n.
896 3912 928 3975 s.
952 3909 1021 3990 aa.)

177 4018 336 4105 Coniugis
358 4019 618 4103 audisset-latum
641 4042 738 4105 quom
762 4021 880 4088 Porcia
903 4021 999 4097 Bruti

261 4126 307 4189 Et
328 4126 490 4189 subtracta
511 4122 575 4189 sihi
597 4135 768 4211 quaereret
790 4144 882 4201 arma
900 4127 1017 4207 dolona

249 4288 318 4337 ΧΗ.
340 4285 382 4343 ll.
402 4288 451 4333 Alii
469 4284 644 4335 Parmenides
662 4285 738 4335 unda.
