2782 4762
184 168 247 233 {12

182 323 403 412 Iustitiamque
423 346 532 390 omnes
555 325 672 409 cupida
694 327 732 389 de
754 335 858 391 mente
878 326 1050 413 fugarunt,

184 428 364 497 Perfudere
388 450 496 490 manus
518 427 663 492 fraterno
687 427 842 513 sanguiue
862 429 998 508 fratres,

182 531 318 599 Destitit
338 529 516 595 exstinctos
538 540 629 593 uatus
652 530 764 613 lugere
786 542 953 614 parentes,

186 633 322 718 Optavit
346 635 475 719 genitor
495 631 652 716 primaevi
672 633 785 696 funera
807 634 892 711 nati,

86 800 90 809 ,
182 737 287 802 Liber
305 748 340 799 ut
360 736 511 819 innuptae
531 746 700 819 poteretur
722 735 804 800 flore
822 759 1001 814 novercae,

182 841 306 925 Ignara
331 850 432 902 mater
453 841 656 902 substernens
674 859 709 902 se
730 836 828 921 impia
850 851 944 916 nato,

182 942 287 1026 Impia
309 964 375 1006 nnn
398 941 501 1005 verita
521 952 568 1004 est
590 941 684 1004 divos
703 940 861 1006 scelerare
883 953 1051 1024 parentest

87 1088 91 1102 .
187 1044 304 1111 Omnia
325 1045 420 1107 sanda
441 1044 577 1107 nefanda
598 1043 682 1108 malo
704 1043 863 1127 permixta
884 1043 998 1109 furore

183 1147 358 1212 Iustificam
377 1145 472 1210 nobis
495 1157 630 1210 mentem
653 1158 805 1211 avortere
827 1148 974 1213 deorum.

185 1251 293 1331 Quare
314 1272 374 1314 nec
394 1249 468 1312 talis
492 1248 663 1334 dignantur
686 1248 792 1313 visere
816 1262 928 1314 coetus

185 1355 257 1418 Nee
280 1375 313 1416 se
335 1351 483 1437 contingi
501 1351 665 1437 patiuntur
686 1351 803 1416 lumine
827 1352 930 1420 claro.

1142 1396 1147 1402 ·
1245 1360 1309 1421 uto

238 1570 297 1618 406.
314 1576 436 1630 parentes
455 1573 518 1618 Scal.
536 1572 618 1629 (quem
634 1569 997 1629 vide.)Voss.Vulp.1.auhm.
1024 1575 1192 1634 Intelliguutur
1207 1575 1245 1621 dii
1259 1592 1307 1634 pu.

184 1643 243 1698 arii,
263 1645 348 1687 melius
369 1657 438 1701 quam
454 1648 480 1687 ut
494 1644 526 1686 sit
542 1643 641 1686 solitum
657 1644 757 1686 deorum
772 1643 909 1688 adiunctum
927 1644 1044 1699 „patet-’2
1066 1645 1135 1701 (lune
1150 1653 1226 1704 puter
1244 1646 1306 1704 cet.)

185 1737 218 1748 -
233 1719 340 1771 penates
358 1713 422 1758 eeu.
484 1709 543 1757 410.
572 1713 718 1772 contingere
746 1713 774 1756 de
802 1714 853 1757 sole
881 1728 908 1758 ae
938 1715 1026 1758 lumine
1056 1719 1146 1770 passim
1172 1718 1304 1772 reperitur.

184 1783 282 1828 Lucret.
296 1780 324 1838 1,
344 1780 403 1830 109.
428 1781 472 1829 Sol
490 1807 500 1819 ·
519 1806 529 1818 ·
546 1788 643 1828 murtea
662 1782 777 1827 cominus
795 1782 850 1842 ipae
868 1797 915 1830 auu
933 1785 1083 1846 contingens
1094 1782 1215 1847 fervidae
1238 1787 1306 1849 igni.

184 1853 264 1912 ibique
284 1854 357 1899 Wak.
