2782 4762
186 186 247 248 148

250 340 392 403 Lubrica
415 337 556 423 signavit
579 358 675 421 quom
698 340 773 400 deus
797 347 869 399 exta
891 337 995 400 notis:

188 447 236 506 Te
260 446 339 504 duce
363 443 528 505 Romanos
552 460 711 522 nunquam
733 438 885 501 frustrata
908 436 1031 516 Sibylla
1053 448 1117 511 est,

250 543 369 606 Abdita
393 562 473 625 quae
495 540 578 603 senis
600 541 666 603 lata
689 540 771 601 canit
794 539 939 620 pedibus.
1154 533 1158 540 ’

185 648 338 719 Phoebe,
364 664 474 705 sacras
496 640 704 704 Messalinum
728 641 794 702 sinc
816 652 948 723 tangere
971 641 1096 702 chartas

247 745 341 808 Vatis
365 743 504 823 etipse,
528 763 665 822 precor,
691 741 765 823 quid
788 753 879 802 canat
900 741 975 816 illa,
1000 743 1092 804 doce.

184 849 276 911 Hace
299 844 384 907 dedit
407 847 538 906 Aeneae
559 853 684 916 sortes,
710 853 879 925 postquam
902 841 955 904 ille
979 854 1141 923 parentem

247 945 375 1010 Dicitur
398 956 429 1005 et
450 956 561 1024 raptos
584 942 770 1005 sustinuisse
793 944 914 1018 Lares,

184 1050 255 1110 Nee
276 1048 348 1110 lore
371 1047 522 1107 credebat
543 1045 697 1118 Romam,
723 1064 818 1125 quom
842 1055 979 1106 maestus
1002 1046 1042 1106 ab
1065 1045 1130 1106 alto

246 1147 330 1210 llion
353 1148 499 1208 ardentes
521 1143 758 1226 respiceretque
782 1147 876 1206 deosr

185 1248 355 1325 (Romulus
379 1257 524 1308 aeternae
546 1247 684 1307 nondum
707 1245 890 1307 firmaverat
912 1246 1000 1310 urbis

248 1347 399 1422 Moenia,
425 1346 569 1409 consorti
591 1367 654 1408 non
677 1345 844 1407 habitanda
866 1347 999 1422 Remo,

184 1452 248 1514 Sed
269 1462 343 1511 tnnc
365 1451 537 1528 pascebant
558 1449 694 1509 herbosa
718 1446 842 1510 Palatia
864 1468 982 1510 vaccae

250 1550 294 1611 Et
316 1551 442 1610 stabant
463 1547 598 1609 humiles
621 1547 651 1608 in
675 1544 764 1609 Iovis
788 1568 861 1609 arce
884 1569 988 1612 casae.

184 1653 286 1713 Lacte
309 1651 435 1710 madens
458 1648 522 1710 illic
543 1650 672 1710 suberat
695 1649 765 1710 Pan
787 1646 865 1710 ilicis
889 1651 1019 1711 umbrae

247 1753 291 1813 Et
312 1749 397 1812 facta
421 1749 540 1832 agresti
561 1749 669 1831 lignea
691 1747 774 1809 falce
798 1750 908 1823 Pales;

183 1853 411 1934 Pendebatque
434 1848 509 1933 vagi
530 1851 669 1929 pastoris
693 1847 724 1908 in
747 1852 863 1912 arbore
886 1861 1012 1926 votum,

245 1952 384 2016 Garrula
405 1951 545 2014 silvestri
565 1950 673 2013 fistula
694 1971 784 2012 sacra
807 1953 885 2027 deo,

183 2053 323 2126 Fistula,
350 2052 401 2115 cui
423 2072 548 2135 semper
571 2051 727 2112 deereseit
750 2052 910 2116 arundinis
934 2057 1034 2128 ord03

244 2157 327 2216 Nam
345 2154 482 2215 calamus
505 2174 576 2215 cera
590 2152 741 2234 'iungitur
763 2174 863 2235 nsque
886 2154 1001 2218 minor.

181 2256 227 2317 At
252 2276 313 2337 qua
335 2253 472 2317 Velabri
493 2253 588 2335 regio
611 2263 718 2333 patet,
745 2252 792 2315 ire
814 2255 940 2317 solebat

246 2355 392 2438 Exiguus
415 2354 506 2434 pulsa
528 2374 587 2433 per
612 2355 690 2415 vada
713 2353 807 2416 linter
829 2376 921 2436 aqua.

181 2458 240 2520 Illa
263 2477 357 2537 saepe
381 2454 490 2538 gregis
513 2455 568 2516 diti
589 2454 745 2535 placitura
768 2445 922 2538 magistro

243 2559 298 2620 Ad
318 2557 465 2619 iuvenem
487 2556 568 2618 festa
590 2566 639 2616 est
660 2567 752 2616 vecta
774 2557 879 2636 puella
903 2557 973 2632 die;

182 2658 262 2723 Cum
287 2680 346 2738 qua
371 2655 499 2719 secundi
521 2655 684 2717 redierunt
705 2676 835 2718 munera
856 2659 957 2734 ruris,

243 2757 364 2822 Caseus
388 2769 418 2819 et
440 2757 553 2820 niveae
576 2755 725 2818 candidus
748 2778 849 2840 agnus
872 2760 970 2839 ovis.)

182 2907 197 2932 „
207 2859 351 2942 Impiger
373 2859 507 2932 Aenea,
532 2857 694 2920 volitantis
715 2857 817 2920 frater
838 2861 994 2937 Amoris,

232 3037 273 3083 18.
305 3035 370 3096 quod
396 3037 471 3080 Codd.
498 3039 555 3094 aliq.
581 3039 609 3082 B.
630 3038 659 3082 1..
678 3060 713 3074 -
730 3041 788 3097 quoi
806 3042 837 3085 V.
862 3043 924 3086 coni.
981 3040 1022 3088 23.
1036 3039 1195 3102 formaverat
1213 3049 1290 3095 Codd.

178 3109 255 3151 multi.
275 3108 304 3150 B.
324 3125 356 3140 -
367 3101 523 3162 fundaverat
540 3108 572 3150 al.
592 3107 658 3150 Mur.
721 3105 762 3152 33.
783 3107 815 3152 Er
833 3109 909 3154 Codd.
929 3112 987 3168 aliq.
1008 3113 1039 3156 V.
1059 3114 1087 3157 B.
1160 3115 1197 3160 lb.
1218 3115 1291 3162 Velu-

178 3175 249 3219 brum
268 3175 379 3229 planities
398 3175 460 3217 inter
479 3175 641 3230 Capitolium,
661 3176 797 3220 Palatinum
817 3183 841 3222 et
858 3180 999 3224 Aventinum
1009 3186 1122 3226 rnontem.
1170 3181 1212 3228 35.
1233 3186 1292 3246 diti]

177 3244 297 3287 Muretus.
318 3263 353 3276 ·-
370 3241 431 3286 ditis
447 3256 500 3285 cunr
518 3243 568 3286 suis
586 3243 645 3287 Cdd.
665 3243 712 3298 L.,
741 3247 803 3301 quod
822 3251 859 3290 cst
883 3260 912 3291 ex
933 3251 1080 3294 arconnnod,
1105 3253 1133 3295 ad
1154 3255 1292 3307 proximum

177 3326 231 3356 voc.
288 3307 417 3357 39.1teuir
443 3312 522 3354 oratio
541 3312 569 3354 ad
588 3324 611 3354 a.
632 3309 674 3355 22.
737 3311 778 3357 43.
797 3310 946 3369 Numicius,
967 3318 1043 3361 amuis
1061 3319 1125 3362 iuter
1144 3320 1292 3366 Laurentum

177 3394 205 3424 ac
221 3380 344 3424 Lavinium
359 3381 498 3423 decurrens.
510 3393 532 3422 v.
547 3379 601 3422 Liv.
617 3378 649 3433 1,
665 3377 689 3423 2.
710 3381 794 3424 lustin.
810 3378 857 3442 43,
873 3382 896 3426 1.
916 3386 987 3443 Virg.
1000 3388 1060 3430 Aen.
1077 3385 1122 3441 12,
1139 3385 1197 3437 794.
1217 3390 1289 3435 Orid.

177 3447 305 3500 Manli,
325 3446 384 3493 581.
444 3445 485 3492 45.
515 3448 622 3491 volitans
642 3447 702 3493 Cod.
725 3446 748 3491 1.
768 3450 800 3493 V.
867 3448 909 3495 53.
928 3452 1000 3498 datos
1011 3450 1107 3512 furtim
1125 3459 1156 3500 V.
1177 3460 1241 3503 coni.
1261 3479 1292 3494 -

176 3524 254 3569 tuos,
270 3530 359 3560 arnum
383 3516 510 3560 Schrader.
557 3514 601 3558 Est
622 3511 676 3575 τὰς
702 3511 815 3584 λάθρα,
842 3515 1010 3582 λεληθότως
1039 3523 1218 3585 συνουσίας,
1249 3533 1290 3579 ut,

175 3590 271 3630 notante
290 3584 424 3637 Huschkio,
444 3582 478 3631 ul
493 3582 661 3649 παραυτίκα
677 3575 796 3645 ἡδοναί,
814 3584 848 3633 αἱ
862 3579 941 3651 ἄγαν
959 3588 1095 3638 σπουδαί.
1134 3589 1175 3640 ⁵5.
1196 3600 1292 3651 septem

175 3654 205 3699 de
232 3655 294 3696 Cod.
325 3653 346 3696 1.
376 3654 407 3695 V.
434 3653 464 3696 B.
529 3649 570 3697 57.
591 3651 665 3695 rebus
683 3652 759 3696 Codd.
783 3652 808 3697 2.
833 3657 864 3698 V.
919 3655 960 3702 59.
981 3659 1144 3704 rutilantibus
1173 3663 1204 3706 V.
1225 3665 1289 3707 coni.

177 3720 218 3766 ⁶6.
238 3722 255 3765 i.
277 3737 299 3767 c.
319 3720 434 3773 „iactavit
451 3734 531 3764 comas
544 3724 598 3763 ante
617 3725 686 3774 capnt
704 3721 796 3764 fusas.”
831 3723 968 3779 (Capronae
987 3728 1096 3772 dicuntur
1109 3743 1209 3784 comae,
1230 3745 1290 3788 quae

175 3796 229 3834 ante
247 3791 351 3833 frontem
375 3793 446 3842 sum,
479 3790 545 3845 qnasi
568 3802 580 3830 a
605 3790 682 3844 capite
704 3803 802 3843 pronae.
839 3792 917 3837 Lucil.
947 3795 997 3838 Sat.
1025 3796 1080 3840 Lib.
1108 3799 1162 3842 Vll.
1199 3798 1291 3856 Aptari

174 3857 280 3914 (iactari
306 3856 424 3910 llusrblr.)
452 3863 528 3914 ceput
550 3862 621 3914 utque
645 3871 730 3901 cornus
744 3857 850 3920 fluitare
871 3875 1010 3918 enprorsus,
1041 3864 1131 3918 Altus,
1157 3862 1289 3922 frontibus

175 3926 323 3978 immissus,
344 3930 371 3967 ul
383 3922 497 3982 rnossuil
508 3925 572 3969 illis.
584 3924 698 3979 Nonius.)
712 3926 816 3970 Huschk.
831 3929 910 3975 Scal.:
924 3954 954 3963 ·-
970 3929 1144 3990 Iuctuoitsnsa
1158 3933 1205 3978 sed
1215 3941 1290 3993 ceput

176 3999 233 4038 unte
252 4007 332 4037 coma.
352 3994 444 4037 Voss:
465 4013 498 4027 -·
517 3994 596 4037 iactat
609 3991 702 4055 diffusa
722 3993 868 4053 duracuput
884 4004 941 4042 unes
962 4012 1042 4044 come.
1062 4015 1085 4044 v.
1108 3999 1149 4047 67.
1165 4027 1175 4037 -
1190 4000 1231 4048 ll).
1251 4017 1289 4049 re·

173 4063 210 4107 ier
230 4062 258 4104 ad
279 4074 302 4104 r.
329 4058 369 4104 79.
406 4059 475 4104 Haec
486 4058 595 4120 suerunt
611 4062 680 4106 olim.
717 4062 825 4108 Lactant.
847 4063 870 4112 1.
891 4064 920 4120 6,
942 4062 983 4111 10.
1020 4066 1057 4113 Μ.
1082 4067 1164 4114 Vns-ro
1184 4072 1290 4130 scripsit

175 4156 184 4167 ·
202 4128 317 4187 Sibyllae
339 4128 421 4172 decem
440 4143 544 4174 numero
554 4126 643 4188 fuisse
661 4153 695 4164 -
713 4149 746 4163 -
764 4132 895 4189 septimum
914 4132 1064 4191 Cumanum,
1084 4138 1183 4183 nornine
1203 4138 1288 4184 Amel-

172 4196 271 4252 theam,
290 4210 353 4256 quus
371 4196 402 4240 ub
422 4199 483 4242 aliis
506 4196 652 4255 Demophils
672 4198 709 4241 rel
732 4196 866 4258 Herophilo
893 4204 1055 4259 nominatur,
1080 4220 1182 4266 eumque
1203 4222 1289 4253 norem
