2782 4762
129 168 191 231 206

128 319 204 381 Huc
226 315 357 399 aliquis!
381 350 422 359 —
445 334 559 377 nemon
573 311 616 377 ‘l”
641 344 680 355 -·
705 312 879 395 Turgescit
902 311 1003 375 vitrea
1028 312 1121 387 bilis:

129 418 295 482 Finditur:
320 417 479 483 Arcadiae
501 414 649 499 pecuaria
673 417 788 478 rudere
811 414 910 478 dicas.

129 524 196 585 Iam
220 520 304 583 liber
328 532 358 583 et
381 520 509 583 bicolor
531 516 645 601 positis
668 521 848 581 :steinbraua
871 518 993 601 capillis
1214 519 1255 581 10

127 626 231 709 Inque
255 644 363 686 mamis
387 624 516 684 chartae
539 619 726 705 nodosaque
748 621 838 685 venit
861 624 997 685 arundo.

131 729 223 789 Tunc
246 726 409 809 queritur,
434 746 561 786 crassus
584 724 706 788 calamo
730 727 818 807 quod
842 727 977 806 pendeat
999 726 1137 799 lmmor:

128 829 233 913 Nigra
256 830 343 911 quod
364 827 467 891 inlusa
492 838 641 888 vanescat
663 826 751 908 sepia
774 827 921 908 lympha:

129 933 254 996 Dilutas
279 928 425 1016 queritur
448 929 586 1013 geminet
609 932 697 1012 quod
719 930 823 992 fistula
848 941 967 1013 guttas.
991 967 1032 976 -

130 1036 160 1099 Ο
184 1034 295 1096 miser!
319 1034 416 1116 inque
439 1031 505 1094 dies
529 1033 610 1093 ultra
635 1031 751 1094 miser!
776 1032 887 1095 hucine
911 1054 1017 1095 rerum
1213 1034 1254 1097 15

129 1134 312 1200 Venimus?
334 1146 365 1196 at
387 1156 445 1196 cur
469 1156 532 1196 non
554 1132 685 1215 potius,
712 1146 890 1218 teneroque
912 1135 1065 1216 palumbo

129 1241 174 1303 Et
197 1238 306 1301 similis
330 1259 441 1320 regum
464 1236 595 1317 pueris,
621 1257 762 1316 pappare
786 1236 939 1299 minutum

128 1341 242 1405 Poscis
267 1352 297 1402 et
319 1340 418 1402 iratus
442 1360 592 1401 mammae
614 1339 723 1400 lallare
745 1339 898 1401 recusas?

129 1444 206 1519 „Au
228 1442 284 1504 tali
305 1445 447 1504 studeam
472 1440 648 1504 calamo?''
672 1477 713 1485 —
736 1440 799 1505 Cui
822 1441 948 1504 verba?
970 1445 1046 1525 quid
1067 1442 1144 1505 istas

129 1543 272 1608 Succinis
295 1542 469 1626 ambages?
492 1543 549 1604 tibi
570 1542 709 1606 luditur:
735 1543 836 1606 effluis
861 1565 979 1607 amens.
1211 1546 1253 1607 20

129 1647 367 1712 Contemnere:
392 1657 485 1710 sonat
509 1642 618 1708 vitium
642 1666 812 1727 pereussa,
838 1646 973 1730 maligne

127 1750 317 1833 Respondet
341 1747 433 1811 viridi
455 1759 635 1837 non'eoeta
656 1747 762 1810 fidelia
785 1748 876 1812 limo.

128 1854 232 1916 Udum
255 1863 287 1914 et
309 1852 406 1915 molle
428 1846 602 1937 lutmu'res,
625 1872 728 1941 nnnc,
752 1872 836 1925 niune
857 1855 1081 1947 properandus
1104 1865 1135 1916 et
1157 1854 1225 1917 acri

128 1955 314 2037 Fingendus
337 1954 405 2016 sine
426 1953 489 2016 fine
511 1965 599 2018 rota.
622 1990 659 2001 —
687 1948 750 2017 Sed
771 1975 847 2017 rure
869 1965 1005 2035 paterno
1095 2006 1099 2012 .

127 2059 188 2119 Est
210 2056 268 2119 tibi
288 2057 341 2118 lar
363 2056 543 2130 modicum,
568 2078 683 2137 purum
707 2068 738 2119 et
760 2056 827 2120 sine
849 2059 920 2122 labe
944 2058 1098 2134 salinum,
1210 2060 1252 2123 26

128 2158 227 2236 (Quid
249 2157 406 2236 metauri)
429 2157 609 2241 cultrixque
632 2156 701 2220 foci
723 2179 833 2220 secura
857 2161 986 2241 patella.

127 2261 202 2322 Hoc
225 2258 325 2321 satis?
349 2281 386 2320 an
410 2262 519 2320 deceat
541 2259 722 2339 pulmonem
745 2282 894 2342 rumpere
917 2264 1036 2339 ventis,

128 2363 298 2424 Stemmate
321 2363 409 2444 quod
432 2364 541 2424 Tusco
564 2383 684 2424 ramum
708 2363 869 2426 millesime
893 2364 1001 2442 iliacis,

200 2526 225 2572 8.
246 2524 338 2571 -Hie
356 2528 390 2572 ol.
411 2528 467 2573 Fut.
487 2528 571 2572 tb.-
585 2529 698 2572 nemoll.
720 2525 743 2572 9.
758 2526 896 2574 Fmdtmr:
915 2529 987 2589 Arm]
999 2533 1052 2577 RV.
1065 2530 1232 2580 -Funditur
1242 2548 1252 2580 .·

127 2596 188 2642 Are.
208 2598 234 2642 S.
255 2618 286 2629 -
305 2595 400 2643 Findor
419 2597 516 2642 otAre.
537 2598 616 2641 EAM.
639 2620 668 2629 -·
687 2596 781 2641 Findor
801 2604 824 2642 et
841 2598 901 2646 Are.
922 2601 953 2644 ¹1¹.
997 2602 1033 2646 lb.
1054 2601 1136 2662 dicar]
1155 2605 1250 2650 l'VES.

127 2691 162 2703 -
179 2666 270 2711 credar
288 2666 340 2715 ltu.
380 2665 421 2713 10.
442 2666 537 2712 bicolor
554 2665 656 2724 positia]
675 2666 749 2710 ΒΕΑ.
771 2692 803 2700 -
821 2669 914 2724 positia
932 2669 1025 2714 bicolor
1044 2672 1142 2717 Tvsut.
1162 2695 1198 2708 -
1218 2675 1251 2717 li·

126 2734 171 2780 lmr
189 2736 315 2795 expositi:
334 2736 430 2781 bicolor
447 2736 476 2781 F.
499 2734 541 2781 11.
561 2756 593 2769 -·
612 2732 727 2780 baruntio
745 2735 820 2781 ttsut.
843 2735 883 2784 12.
898 2761 931 2771 —
944 2738 1009 2784 Tam
1022 2741 1052 2784 Τ.
1074 2741 1110 2786 lh.
1126 2740 1251 2801 queritur]

126 2806 217 2853 Omnes
242 2807 298 2851 mei.
321 2829 351 2839 -
371 2807 500 2865 querimur
519 2807 595 2850 Codd.
616 2807 672 2862 aliq.
723 2805 759 2848 lb.
780 2829 813 2839 ·-
832 2808 930 2851 calamo
948 2823 1054 2853 croesus
1074 2811 1104 2854 T.
1155 2808 1197 2855 13.
1216 2829 1252 2845 -··

127 2877 236 2921 virescat
252 2877 282 2919 ll.
303 2890 425 2931 superscr.
443 2888 513 2920 rone.
553 2871 594 2919 11.
615 2899 647 2909 -
666 2875 778 2933 geminet
789 2881 812 2918 et
823 2872 849 2933 s.
871 2877 901 2920 Τ.
941 2875 981 2922 16.
999 2876 1128 2937 paltrmbo]
1148 2879 1247 2926 TSAM.

127 2970 160 2980 ·-
176 2945 307 3004 palumbes
328 2948 360 2989 V.
380 2969 412 2978 -
432 2944 544 2989 eoltrmbo
561 2944 613 2988 RE.
654 2940 695 2989 tl.
715 2963 745 2978 -
759 2958 858 3000 paparo
877 2946 1016 2991 'laesam
1056 2946 1096 2992 18.
1119 2970 1149 2980 -
1168 2948 1251 2993 latare

126 3015 157 3059 R.
196 3012 238 3060 19.
260 3035 289 3045 -
309 3014 413 3058 illoeV.
452 3011 494 3057 23.
514 3033 548 3048 -
566 3015 644 3058 lutum
658 3019 696 3057 eat
709 3014 734 3057 S.
766 3014 915 3057 lh.-iam
933 3030 999 3060 nrtne
1017 3019 1045 3061 F.
1084 3014 1127 3061 26.
1150 3039 1180 3049 -
1199 3030 1250 3061 mr-

127 3089 181 3128 tuea
199 3084 231 3127 V.
252 3083 289 3126 lb.
307 3080 414 3141 patella]
433 3081 577 3127 ruvsnttt.
596 3101 630 3114 -·
644 3083 742 3139 patella
761 3088 800 3127 eat
815 3083 845 3126 E.
861 3082 902 3129 28.
923 3107 950 3121 -·
964 3068 1143 3131 eeamnrb'rm.
1164 3087 1201 3130 lb.
1216 3110 1249 3119 -

127 3153 170 3211 qui
187 3157 257 3196 turco
276 3152 306 3198 Α.
328 3158 352 3195 et
371 3152 401 3195 tt.
422 3166 435 3195 a
455 3165 502 3196 see.
528 3165 609 3195 ruauu.
1244 3146 1247 3151 '

199 3321 316 3368 strunt
334 3322 379 3372 lll,
418 3321 442 3367 2.
463 3320 652 3377 „Findor.''-
673 3323 776 3369 utArc.
797 3325 827 3372 P.
866 3326 902 3383 lb.
923 3324 1014 3370 credoa
1032 3327 1075 3370 rP.
1117 3322 1157 3370 10.
1174 3324 1251 3385 poei-

127 3396 160 3439 tia
179 3390 273 3437 bicolor
292 3393 357 3436 th.
410 3389 451 3437 16.
471 3393 583 3437 columbo
600 3394 629 3438 P.
669 3391 710 3438 26.
729 3395 825 3452 patella
843 3401 882 3438 sat
899 3405 929 3439 w:

199 3553 239 3601 10.
258 3552 361 3599 Bieolor
373 3551 530 3613 membrano]
548 3556 661 3608 Bieolor‚
677 3558 739 3613 quod
752 3568 807 3611 pars
818 3568 913 3609 crocea,
925 3568 982 3611 pars
995 3556 1178 3617 glutinataapud
1188 3558 1250 3600 anti-

126 3640 186 3684 quos
199 3630 260 3671 erat.
301 3620 341 3668 13.
361 3622 463 3680 Sepiom
476 3637 520 3678 pro
533 3629 685 3680 atramento,
705 3626 828 3678 scolere,
849 3626 946 3678 posuit:
968 3626 1074 3682 quamvis
1087 3638 1134 3669 uon
1144 3620 1212 3669 'exea
1225 3630 1250 3668 ut
1317 3632 1328 3653 ⁰

125 3696 196 3749 Afri,
219 3696 261 3739 sed
283 3706 313 3737 ex
333 3692 432 3750 iuligine
455 3694 529 3738 ceteri
548 3692 674 3738 conficiant
695 3699 862 3738 atramentum.
910 3693 951 3737 18.
972 3694 1084 3739 Nutrices
1101 3693 1249 3747 tutantibus,

127 3770 153 3808 ut
171 3765 304 3815 dormiant,
323 3763 405 3806 solent
418 3763 498 3806 dicere
520 3775 601 3817 saepe,
620 3762 709 3814 Lutto,
729 3764 801 3808 Iolla.
821 3764 893 3807 tutta.
930 3762 980 3807 Aut
996 3762 1098 3833 dervi,
1117 3764 1249 3807 outlarts.

131 3831 170 3876 12.
191 3830 362 3888 Contemnere]
381 3831 446 3875 Haee
470 3830 499 3873 ab
515 3831 616 3875 Horatio
634 3832 671 3886 (S.
695 3830 720 3886 2,
742 3829 766 3875 3.
789 3828 842 3887 13.)
866 3833 928 3876 male
950 3833 1066 3876 translata
1083 3832 1252 3887 intempestiva

127 3906 195 3946 suut:
239 3900 304 3962 Quin
325 3906 352 3944 tu
377 3898 502 3945 Invidiam
515 3901 621 3956 plorare
636 3913 718 3958 por-aa
736 3901 823 3945 virtute
845 3901 953 3945 relicta?
979 3898 1141 3945 Contemnere
1159 3902 1250 3945 mirer.

127 3971 163 4016 lb.
184 3969 262 4014 Sonat
282 3967 378 4026 vitium]
409 3969 441 4012 Ut
465 3970 599 4027 Virgilius,
631 3970 702 4027 (Aen.
732 3967 754 4012 1.
782 3966 853 4023 328.)
877 3984 922 4013 nee
941 3983 990 4015 vox
1014 3968 1140 4013 lierninem
1166 3974 1250 4014 conat.
1335 3974 1343 3997 l

127 4039 169 4085 26.
190 4035 336 4094 Cullrixque
348 4033 418 4097 soci]
437 4038 498 4095 Quia
518 4039 634 4083 delibatas
654 4040 698 4094 (sie
721 4040 777 4082 Cas.
795 4039 863 4082 Reiz.
884 4064 916 4072 -
936 4039 1089 4084 delibantioe
1104 4038 1182 4093 Pitlt.)
1210 4040 1252 4082 ela·

126 4123 168 4166 pes
187 4108 210 4151 in
230 4121 258 4150 ea
275 4106 365 4161 positae
392 4108 423 4151 ael
450 4108 531 4151 focum
549 4108 667 4152 feruntur.
711 4104 753 4151 28.
774 4105 907 4152 Stemmata
923 4108 988 4167 quod
1009 4105 1103 4165 Turro]
1122 4112 1158 4153 Au
1179 4122 1251 4163 opor·

125 4184 160 4225 tet
183 4183 206 4222 te
232 4176 371 4233 arrogantia
392 4174 498 4221 inflatum
526 4178 647 4232 dissilire,
679 4178 742 4236 quod
770 4176 794 4219 iu
821 4177 901 4234 aliquo
928 4179 1002 4222 nobili
1021 4178 1101 4221 'l'useo
1126 4182 1250 4221 stemmate

126 4249 267 4293 millesimus
291 4259 304 4287 a
327 4258 414 4302 magno
433 4250 529 4291 auctore
553 4248 686 4293 nurnereris
712 4252 734 4291 et
759 4259 852 4289 ramum
871 4247 973 4303 aliquem
997 4261 1025 4291 ae
1046 4247 1133 4291 lineam
1153 4259 1254 4291 sueces-
