2782 4762
181 361 285 424 Ardet
306 358 336 421 in
360 368 526 422 exstructo
548 378 667 440 corpus
690 357 781 420 inane
804 377 903 442 rogo.

33 539 37 543 ,
117 465 205 527 Ecce
227 483 307 545 puer
329 459 470 525 Veneris
491 460 555 524 lert
581 481 789 545 eversamque
810 462 995 553 pharetram

188 567 232 629 Et
253 565 378 627 fractos
403 585 495 626 arcus
518 574 549 626 et
572 561 640 627 siue
661 564 733 628 luce
754 564 871 626 lacem.

117 666 282 750 Adspice,
307 666 451 730 demissis
470 675 504 728 ut
524 677 576 729 eat
593 665 780 730 miserabilis
803 665 859 729 alis

182 772 387 854 Pectoraque
408 768 525 832 infesta
548 772 658 832 tundat
680 780 791 852 aperta
814 790 916 836 rnauu.

118 872 292 954 Excipiunt
314 872 417 955 sparsi
439 871 589 935 lacrimas
610 893 669 955 per
691 871 775 937 colla
797 870 905 954 capilli

181 975 313 1058 Oraque
335 973 478 1058 singultu
500 973 702 1039 concutiente
723 985 854 1038 sonant.

117 1077 242 1141 Fratris
265 1078 296 1140 in
318 1078 450 1140 Aeneae
473 1076 519 1139 sie
539 1075 629 1139 illum
651 1075 764 1139 iuuere
787 1074 896 1138 dicunt

180 1182 357 1264 Egressum
378 1178 509 1253 castris,
533 1180 670 1262 pulcher
690 1178 778 1255 liile,
803 1176 878 1241 tuis.

118 1286 190 1346 Nee
212 1283 316 1344 minus
340 1292 388 1345 est
410 1280 543 1344 confusa
565 1284 698 1356 Venus,
724 1279 878 1345 moriente
902 1278 1068 1356 'tinutto·‚.
1200 1280 1238 1343 15

133 1424 135 1434 ·
180 1384 284 1465 Quam
306 1383 415 1446 iuveni
437 1383 524 1466 rupit
545 1403 644 1467 quom
665 1383 752 1446 ferris
774 1383 892 1466 inguen
916 1404 1005 1464 aper.

117 1489 164 1552 At
185 1486 268 1550 sacri
291 1498 380 1549 vates
402 1498 434 1549 et
456 1486 564 1548 dirum
586 1507 662 1548 cura
684 1506 859 1549 vocamur:

157 1576 159 1581 ¹
181 1592 262 1652 Sunt
284 1587 399 1664 etiam,
423 1587 478 1672 qui
501 1608 561 1652 uos
583 1608 698 1650 numen
721 1589 839 1650 habere
863 1597 988 1670 putent.
1023 1578 1031 1585 '⁵

118 1690 247 1755 Scilicet
271 1711 363 1754 omne
384 1711 510 1754 sacrum
534 1709 622 1752 mors
642 1688 825 1771 importuna
847 1690 1025 1772 profanat:

182 1792 339 1858 Omnibus
362 1794 518 1856 obscuras
540 1791 639 1854 iniieit
660 1791 713 1854 illa
736 1812 859 1854 mauris.

120 1895 205 1976 Quid
225 1908 318 1979 puter
339 1895 494 1971 Ismario,
519 1893 595 1977 quid
617 1904 717 1956 irrater
738 1891 864 1976 profuit
886 1894 1050 1977 Orpheo?

117 1994 120 1999 ’
183 1998 335 2062 Carmine
357 1996 433 2082 quid
452 1998 557 2060 victas
579 1994 781 2077 obstupuisse
803 1994 913 2059 feras?

118 2099 260 2165 Aelinon
283 2099 313 2162 in
336 2098 425 2163 silvis
447 2099 527 2163 idem
551 2109 644 2180 pater
665 2096 807 2162 Aelinon
829 2098 900 2161 altis

181 2202 308 2267 Dicitur
330 2201 431 2265 iuvita
453 2200 653 2265 concinuisse
675 2201 758 2281 lyra.

118 2304 231 2368 Adiiee
253 2304 469 2378 Maeoniden,
494 2326 512 2367 a
533 2325 599 2388 quo
622 2325 682 2366 ceu
702 2303 794 2368 fonte
816 2304 950 2387 pereuni

181 2408 300 2470 Vatum
323 2406 439 2470 Pieriis
463 2427 521 2468 ora
543 2405 692 2489 rigantur
714 2406 826 2489 aquis;

117 2511 215 2573 Hisne
236 2530 368 2593 quoque
390 2529 510 2572 summa
533 2508 599 2572 dies
620 2507 717 2592 nigro
738 2507 911 2572 submersit
932 2509 1090 2574 Averno:

181 2611 362 2695 Defugiunt
384 2611 492 2674 avidas
514 2610 652 2673 carmina
678 2611 747 2674 sola
770 2633 885 2695 rogos.
986 2621 988 2627 ’

117 2715 223 2777 Durat
244 2734 327 2795 opus
348 2714 467 2790 fatum,
495 2713 630 2777 Troiani
650 2713 733 2775 sarna
758 2713 899 2792 laboris,

183 2817 355 2899 Tardaque
377 2827 537 2879 nocturno
560 2816 623 2878 tela
645 2824 770 2878 retexta
793 2815 881 2879 dolo.

118 2917 173 2980 Sic
194 2918 341 2981 Nemesis
362 2919 515 3003 longum,
540 2917 585 2980 sic
607 2917 701 2980 Delia
723 2900 838 2980 nomen
861 2919 1035 2982 habebunt.

183 3021 296 3083 Altera
320 3043 396 3084 cura
417 3041 547 3096 recens,
573 3021 671 3083 altera
693 3019 816 3102 primus
838 3007 942 3084 amori

119 3122 205 3203 Quid
226 3143 286 3185 vos
309 3143 400 3186 sacra
421 3121 558 3185 irruant?
581 3123 656 3206 quid
679 3144 761 3185 nunc
787 3123 952 3208 Aegyptia
975 3136 1112 3207 prosunt

118 3325 193 3367 ceteri
214 3327 326 3377 corrupte
345 3321 438 3367 Elinon
457 3324 494 3367 vel
513 3321 605 3377 edidit,
635 3322 732 3378 editus,
758 3323 869 3369 abditus.
912 3326 1028 3370 Ceterum
1045 3325 1152 3371 Aelinon
1180 3329 1239 3372 reli-

118 3394 158 3450 qui
177 3395 262 3449 poe'tae
283 3392 363 3436 Latini
384 3395 505 3450 ignorant,
544 3393 686 3451 lutelligitur
705 3399 784 3438 sutem
801 3395 891 3449 Linus,
912 3395 1031 3450 apollinis
1056 3400 1080 3441 et
1097 3397 1239 3441 Psamathes

70 3502 72 3507 ⁴
117 3463 233 3517 (Pausan.
259 3462 369 3507 Corinth.
397 3461 443 3514 19,
475 3458 498 3506 l.
524 3463 608 3506 Conon
636 3460 688 3515 1⁹.)
714 3462 791 3517 fitius,
826 3478 840 3506 a
861 3464 960 3508 cunibus
982 3466 1125 3518 discerptus.
1154 3465 1237 3510 Sebol.

119 3533 217 3576 Villois.
237 3533 267 3574 ad
284 3533 313 3575 ll.
334 3545 367 3585 σ,
389 3528 448 3577 570.
470 3532 553 3575 Conon
568 3534 584 3576 t.
605 3533 623 3575 l,
643 3547 657 3576 a
681 3532 743 3577 Lino
761 3532 811 3576 litio
830 3533 1147 3588 Arrrpbimariettlraniee,
1168 3548 1239 3592 quem

74 3646 76 3649 ,
118 3605 168 3656 ipse
189 3601 278 3656 Apollo
304 3601 404 3654 oceidit,
433 3601 508 3644 Paus.
525 3601 611 3646 Boeot.
633 3598 679 3654 29,
701 3599 725 3645 3.
744 3608 795 3646 ets
813 3602 875 3645 Lino
905 3599 984 3662 „rori
1001 3598 1183 3666 ποιήσαντος
1200 3598 1239 3651 τὰ

116 3662 196 3733 ἔπη”
214 3671 287 3714 raus.
317 3670 427 3714 Corinth.
450 3669 496 3723 19,
519 3668 543 3715 l.
564 3671 752 3727 distinguendus.
771 3685 794 3716 v.
820 3671 953 3730 Schweigb.
977 3674 1005 3715 ad
1025 3672 1117 3716 Herod»
1137 3669 1171 3726 2,
1195 3670 1237 3717 79.

118 3741 225 3784 Creuzer
245 3739 327 3793 Synrb.
348 3737 372 3785 2.
391 3753 414 3793 p.
435 3735 495 3786 263.
543 3737 586 3783 ut.
605 3739 700 3783 inuicto
718 3740 795 3784 Codd.
815 3742 892 3784 multi.
912 3741 957 3785 Ed.
979 3754 1016 3796 pr.
1037 3742 1093 3786 Tib.
1137 3739 1180 3786 27.
1199 3740 1238 3786 di-

107 3809 189 3853 >miste
206 3810 283 3853 Codd.
303 3807 328 3852 2.
356 3827 392 3840 -
417 3806 521 3851 demisit
542 3811 621 3862 placet
640 3811 786 3853 Burmsuno.
841 3808 882 3854 28.
902 3806 1056 3870 Defugiunt]
1075 3811 1136 3854 eod.
1159 3808 1182 3854 1.
1202 3813 1237 3855 id-

117 3893 163 3936 que
177 3879 222 3922 etsi
229 3891 310 3921 rarrun
320 3880 381 3931 apud
394 3879 476 3931 poetas
484 3879 666 3931 praeferendum
678 3878 811 3922 videbatur.
831 3880 908 3934 (ldem
917 3880 1030 3934 praetulit
1039 3893 1099 3924 nunc
1109 3879 1191 3936 lehn.)
1205 3905 1237 3915 —
1253 3901 1255 3906 ·

115 3945 250 4009 Effugient
259 3947 304 3992 Ed.
318 3961 355 4000 pr.
370 3947 425 3994 Tib.
438 3969 470 3981 -·-
480 3944 626 4008 Diffugiunt
638 3948 745 4004 plerique
756 3949 831 3992 Codd.
846 3947 953 4005 etiarm
973 3949 1121 3993 ssdoffendit
1133 3950 1239 3995 iunctum

116 4018 262 4062 accusativo.
284 4014 327 4061 29.
338 4018 419 4060 nutum
431 4016 506 4060 Codd.
518 4017 570 4060 Edrl
589 4030 688 4072 ornnes3
702 4019 742 4062 ssd
753 4018 797 4061 bor
808 4017 922 4075 ineptum;
937 4019 1041 4062 noudum
1054 4020 1117 4062 eninr
1128 4020 1239 4077 depleri·

117 4091 162 4130 bus
173 4087 286 4130 llomeris
300 4086 447 4144 cogitabant.
462 4108 494 4118 ··-
505 4087 568 4130 nutis
582 4086 674 4130 Heinsii
687 4088 750 4130 roni.
765 4099 836 4143 quum
850 4087 984 4145 languidior
996 4093 1052 4142 est,
1072 4093 1122 4132 tum
1134 4091 1174 4133 rix
1186 4103 1240 4134 cor·
1253 4116 1256 4123 ·

116 4161 201 4210 ruptus
219 4156 305 4200 fuisset
320 4157 459 4214 singularis.
497 4157 533 4201 De
553 4157 616 4201 coni.
636 4157 709 4214 igitur
732 4156 784 4199 dedi
796 4151 893 4212 sotum.
929 4157 1049 4211 „l·¹aturn,
1077 4160 1140 4215 quod
1160 4159 1241 4203 omnia

116 4226 242 4280 paullatim
263 4225 382 4279 absumit,
403 4226 510 4270 durrurrdo
532 4231 645 4282 superant
663 4227 760 4269 llorneri
779 4225 912 4270 eariniua.’'
930 4227 970 4271 Sic
988 4227 1041 4272 Lis.
1063 4225 1088 4272 1.
1109 4225 1136 4272 9.
1153 4225 1238 4272 bomin

116 4294 189 4338 uiuis
206 4298 313 4338 oetatem
331 4293 435 4341 durare.
