<?xml version="1.0" encoding="UTF-8"?>
<!DOCTYPE html PUBLIC "-//W3C//DTD XHTML 1.0 Transitional//EN"
    "http://www.w3.org/TR/xhtml1/DTD/xhtml1-transitional.dtd">
<html xmlns="http://www.w3.org/1999/xhtml" xml:lang="en" lang="en">
 <head>
  <title>
</title>
<meta http-equiv="Content-Type" content="text/html;charset=utf-8" />
  <meta name='ocr-system' content='tesseract 3.04.00' />
  <meta name='ocr-capabilities' content='ocr_page ocr_carea ocr_par ocr_line ocrx_word'/>
</head>
<body>
  <div class='ocr_page' id='page_1' title='image "./eclogaepoetarum00orelgoog_0283.png"; bbox 0 0 2782 4762; ppageno 0'>
   <div class='ocr_carea' id='block_1_1' title="bbox 165 212 229 276">
    <p class='ocr_par' dir='ltr' id='par_1_1' title="bbox 165 212 229 276">
     <span class='ocr_line' id='line_1_1' title="bbox 165 212 229 276; baseline -0.016 0"><span class='ocrx_word' id='word_1_1' title='bbox 165 212 229 276; x_wconf 74' lang='lat' dir='ltr'><strong>m</strong></span> 
     </span>
    </p>
   </div>
   <div class='ocr_carea' id='block_1_2' title="bbox 167 361 1296 4336">
    <p class='ocr_par' dir='ltr' id='par_1_2' title="bbox 167 361 1291 553">
     <span class='ocr_line' id='line_1_2' title="bbox 167 361 1291 442; baseline -0.003 -10"><span class='ocrx_word' id='word_1_2' title='bbox 167 366 223 433; x_wconf 87' lang='lat' dir='ltr'><strong>Sic</strong></span> <span class='ocrx_word' id='word_1_3' title='bbox 244 366 345 433; x_wconf 89' lang='lat' dir='ltr'><strong>Maro</strong></span> <span class='ocrx_word' id='word_1_4' title='bbox 367 386 425 431; x_wconf 89' lang='lat' dir='ltr'><strong>uec</strong></span> <span class='ocrx_word' id='word_1_5' title='bbox 447 363 579 433; x_wconf 76' lang='lat' dir='ltr'>Calabri</span> <span class='ocrx_word' id='word_1_6' title='bbox 600 362 736 430; x_wconf 84' lang='lat' dir='ltr'><strong>tentavit</strong></span> <span class='ocrx_word' id='word_1_7' title='bbox 756 361 894 429; x_wconf 88' lang='lat' dir='ltr'><strong>carmina</strong></span> <span class='ocrx_word' id='word_1_8' title='bbox 916 361 1046 442; x_wconf 85' lang='lat' dir='ltr'><strong>Flacci,</strong></span> <span class='ocrx_word' id='word_1_9' title='bbox 1270 366 1291 429; x_wconf 87' lang='lat'><strong>5</strong></span> 
     </span>
     <span class='ocr_line' id='line_1_3' title="bbox 232 469 1009 553; baseline -0.005 -18"><span class='ocrx_word' id='word_1_10' title='bbox 232 469 423 535; x_wconf 80' lang='lat' dir='ltr'><strong>Pindaricos</strong></span> <span class='ocrx_word' id='word_1_11' title='bbox 445 478 555 532; x_wconf 82' lang='lat' dir='ltr'><strong>nosset</strong></span> <span class='ocrx_word' id='word_1_12' title='bbox 577 490 674 553; x_wconf 91' lang='lat' dir='ltr'><strong>quom</strong></span> <span class='ocrx_word' id='word_1_13' title='bbox 695 488 849 552; x_wconf 87' lang='lat' dir='ltr'><strong>superare</strong></span> <span class='ocrx_word' id='word_1_14' title='bbox 872 472 1009 545; x_wconf 83' lang='lat' dir='ltr'><strong>modoe3</strong></span> 
     </span>
    </p>

    <p class='ocr_par' dir='ltr' id='par_1_3' title="bbox 168 569 922 646">
     <span class='ocr_line' id='line_1_4' title="bbox 168 569 922 646; baseline -0.007 -8"><span class='ocrx_word' id='word_1_15' title='bbox 168 575 213 638; x_wconf 80' lang='lat' dir='ltr'><strong>Et</strong></span> <span class='ocrx_word' id='word_1_16' title='bbox 232 571 336 636; x_wconf 89' lang='lat' dir='ltr'><strong>Vario</strong></span> <span class='ocrx_word' id='word_1_17' title='bbox 358 569 454 635; x_wconf 82' lang='lat' dir='ltr'><strong>cessit</strong></span> <span class='ocrx_word' id='word_1_18' title='bbox 476 570 616 635; x_wconf 87' lang='lat' dir='ltr'><strong>Romani</strong></span> <span class='ocrx_word' id='word_1_19' title='bbox 640 571 732 634; x_wconf 78' lang='lat' dir='ltr'><strong>laude</strong></span> <span class='ocrx_word' id='word_1_20' title='bbox 755 570 922 646; x_wconf 83' lang='lat' dir='ltr'><strong>cothurni,</strong></span> 
     </span>
    </p>

    <p class='ocr_par' dir='ltr' id='par_1_4' title="bbox 173 671 967 756">
     <span class='ocr_line' id='line_1_5' title="bbox 173 671 967 756; baseline -0.003 -19"><span class='ocrx_word' id='word_1_21' title='bbox 173 706 179 713; x_wconf 94' lang='lat'><em>·</em></span> <span class='ocrx_word' id='word_1_22' title='bbox 232 674 340 754; x_wconf 85' lang='lat' dir='ltr'><strong>Quom</strong></span> <span class='ocrx_word' id='word_1_23' title='bbox 360 682 471 755; x_wconf 85' lang='lat' dir='ltr'><strong>posset</strong></span> <span class='ocrx_word' id='word_1_24' title='bbox 493 671 618 756; x_wconf 82' lang='lat' dir='ltr'><strong>tragico</strong></span> <span class='ocrx_word' id='word_1_25' title='bbox 640 672 759 737; x_wconf 81' lang='lat' dir='ltr'><strong>lortius</strong></span> <span class='ocrx_word' id='word_1_26' title='bbox 783 694 842 737; x_wconf 89' lang='lat' dir='ltr'><strong>ore</strong></span> <span class='ocrx_word' id='word_1_27' title='bbox 864 672 967 756; x_wconf 85' lang='lat' dir='ltr'><strong>loqui.</strong></span> 
     </span>
    </p>

    <p class='ocr_par' dir='ltr' id='par_1_5' title="bbox 167 774 1296 960">
     <span class='ocr_line' id='line_1_6' title="bbox 167 774 1104 860; baseline -0.002 -19"><span class='ocrx_word' id='word_1_28' title='bbox 167 776 294 841; x_wconf 86' lang='lat' dir='ltr'><strong>Aurum</strong></span> <span class='ocrx_word' id='word_1_29' title='bbox 315 786 346 839; x_wconf 82' lang='lat' dir='ltr'><strong>et</strong></span> <span class='ocrx_word' id='word_1_30' title='bbox 370 797 448 856; x_wconf 86' lang='lat' dir='ltr'><strong>opes</strong></span> <span class='ocrx_word' id='word_1_31' title='bbox 470 785 502 837; x_wconf 91' lang='lat' dir='ltr'><strong>et</strong></span> <span class='ocrx_word' id='word_1_32' title='bbox 524 796 600 838; x_wconf 86' lang='lat' dir='ltr'><strong>rura</strong></span> <span class='ocrx_word' id='word_1_33' title='bbox 621 774 775 860; x_wconf 78' lang='lat' dir='ltr'><strong>frequens</strong></span> <span class='ocrx_word' id='word_1_34' title='bbox 800 775 932 839; x_wconf 80' lang='lat' dir='ltr'><strong>donabit</strong></span> <span class='ocrx_word' id='word_1_35' title='bbox 958 775 1104 851; x_wconf 81' lang='lat' dir='ltr'><strong>amicus3</strong></span> 
     </span>
     <span class='ocr_line' id='line_1_7' title="bbox 231 875 1296 960; baseline 0 -20"><span class='ocrx_word' id='word_1_36' title='bbox 231 877 296 958; x_wconf 82' lang='lat' dir='ltr'><strong>Qui</strong></span> <span class='ocrx_word' id='word_1_37' title='bbox 318 877 395 942; x_wconf 84' lang='lat' dir='ltr'><strong>velit</strong></span> <span class='ocrx_word' id='word_1_38' title='bbox 416 875 547 960; x_wconf 87' lang='lat' dir='ltr'><strong>ingenio</strong></span> <span class='ocrx_word' id='word_1_39' title='bbox 571 879 707 951; x_wconf 86' lang='lat' dir='ltr'><strong>cedere,</strong></span> <span class='ocrx_word' id='word_1_40' title='bbox 730 898 823 939; x_wconf 85' lang='lat' dir='ltr'><strong>rarus</strong></span> <span class='ocrx_word' id='word_1_41' title='bbox 838 877 921 943; x_wconf 80' lang='lat' dir='ltr'><strong>erit.</strong></span> <span class='ocrx_word' id='word_1_42' title='bbox 1251 879 1296 941; x_wconf 79' lang='lat' dir='ltr'><strong>lo</strong></span> 
     </span>
    </p>

    <p class='ocr_par' dir='ltr' id='par_1_6' title="bbox 448 978 995 1060">
     <span class='ocr_line' id='line_1_8' title="bbox 448 978 995 1060; baseline -0.007 -15"><span class='ocrx_word' id='word_1_43' title='bbox 448 982 546 1044; x_wconf 86' lang='lat' dir='ltr'><strong><em>LIX.</em></strong></span> <span class='ocrx_word' id='word_1_44' title='bbox 575 978 753 1045; x_wconf 79' lang='lat' dir='ltr'><strong>Eiusdem.</strong></span> <span class='ocrx_word' id='word_1_45' title='bbox 787 980 844 1058; x_wconf 83' lang='lat' dir='ltr'><strong>(L.</strong></span> <span class='ocrx_word' id='word_1_46' title='bbox 868 980 901 1045; x_wconf 82' lang='lat'><strong>9.</strong></span> <span class='ocrx_word' id='word_1_47' title='bbox 926 982 995 1060; x_wconf 80' lang='lat'>71.)</span> 
     </span>
    </p>

    <p class='ocr_par' dir='ltr' id='par_1_7' title="bbox 167 1078 1065 1269">
     <span class='ocr_line' id='line_1_9' title="bbox 167 1078 1065 1164; baseline -0.001 -17"><span class='ocrx_word' id='word_1_48' title='bbox 167 1078 325 1158; x_wconf 83' lang='lat' dir='ltr'>Dixerat,</span> <span class='ocrx_word' id='word_1_49' title='bbox 348 1103 390 1156; x_wconf 86' lang='lat' dir='ltr'><strong>„o</strong></span> <span class='ocrx_word' id='word_1_50' title='bbox 414 1083 536 1145; x_wconf 85' lang='lat' dir='ltr'><strong>mores!</strong></span> <span class='ocrx_word' id='word_1_51' title='bbox 561 1102 581 1145; x_wconf 94' lang='lat' dir='ltr'><strong>o</strong></span> <span class='ocrx_word' id='word_1_52' title='bbox 604 1082 796 1164; x_wconf 87' lang='lat' dir='ltr'><strong>temporal’&#39;</strong></span> <span class='ocrx_word' id='word_1_53' title='bbox 821 1081 946 1145; x_wconf 85' lang='lat' dir='ltr'><strong>Tullius</strong></span> <span class='ocrx_word' id='word_1_54' title='bbox 970 1081 1065 1161; x_wconf 88' lang='lat' dir='ltr'><strong>olim,</strong></span> 
     </span>
     <span class='ocr_line' id='line_1_10' title="bbox 232 1183 1008 1269; baseline 0.003 -23"><span class='ocrx_word' id='word_1_55' title='bbox 232 1183 430 1268; x_wconf 86' lang='lat' dir='ltr'><strong>Sacrilegum</strong></span> <span class='ocrx_word' id='word_1_56' title='bbox 452 1195 593 1246; x_wconf 79' lang='lat' dir='ltr'><strong>strueret</strong></span> <span class='ocrx_word' id='word_1_57' title='bbox 616 1205 713 1269; x_wconf 89' lang='lat' dir='ltr'><strong>quom</strong></span> <span class='ocrx_word' id='word_1_58' title='bbox 738 1183 875 1249; x_wconf 82' lang='lat' dir='ltr'>Catilina</span> <span class='ocrx_word' id='word_1_59' title='bbox 899 1186 1008 1249; x_wconf 82' lang='lat' dir='ltr'><strong>nefas:</strong></span> 
     </span>
    </p>

    <p class='ocr_par' dir='ltr' id='par_1_8' title="bbox 169 1285 1082 1472">
     <span class='ocr_line' id='line_1_11' title="bbox 169 1285 1082 1370; baseline 0.003 -22"><span class='ocrx_word' id='word_1_60' title='bbox 169 1286 276 1367; x_wconf 84' lang='lat' dir='ltr'><strong>Quom</strong></span> <span class='ocrx_word' id='word_1_61' title='bbox 299 1308 399 1370; x_wconf 83' lang='lat' dir='ltr'><strong>gener</strong></span> <span class='ocrx_word' id='word_1_62' title='bbox 421 1297 517 1370; x_wconf 89' lang='lat' dir='ltr'><strong>atque</strong></span> <span class='ocrx_word' id='word_1_63' title='bbox 535 1306 631 1350; x_wconf 88' lang='lat' dir='ltr'><strong>socer</strong></span> <span class='ocrx_word' id='word_1_64' title='bbox 654 1285 729 1349; x_wconf 86' lang='lat' dir='ltr'><strong>diris</strong></span> <span class='ocrx_word' id='word_1_65' title='bbox 751 1298 962 1351; x_wconf 81' lang='lat' dir='ltr'><strong>concurreret</strong></span> <span class='ocrx_word' id='word_1_66' title='bbox 985 1287 1082 1351; x_wconf 87' lang='lat' dir='ltr'><strong>armis</strong></span> 
     </span>
     <span class='ocr_line' id='line_1_12' title="bbox 231 1387 976 1472; baseline 0.001 -20"><span class='ocrx_word' id='word_1_67' title='bbox 231 1390 422 1472; x_wconf 80' lang='lat' dir='ltr'><strong>Maestaque</strong></span> <span class='ocrx_word' id='word_1_68' title='bbox 445 1387 530 1451; x_wconf 85' lang='lat' dir='ltr'><strong>civili</strong></span> <span class='ocrx_word' id='word_1_69' title='bbox 552 1390 649 1451; x_wconf 92' lang='lat' dir='ltr'><strong>caede</strong></span> <span class='ocrx_word' id='word_1_70' title='bbox 672 1390 812 1452; x_wconf 83' lang='lat' dir='ltr'><strong>maderet</strong></span> <span class='ocrx_word' id='word_1_71' title='bbox 837 1389 976 1453; x_wconf 82' lang='lat' dir='ltr'><strong>humus:</strong></span> 
     </span>
    </p>

    <p class='ocr_par' dir='ltr' id='par_1_9' title="bbox 168 1488 1133 1773">
     <span class='ocr_line' id='line_1_13' title="bbox 170 1488 1126 1574; baseline 0.002 -20"><span class='ocrx_word' id='word_1_72' title='bbox 170 1488 240 1554; x_wconf 86' lang='lat' dir='ltr'><strong>Cur</strong></span> <span class='ocrx_word' id='word_1_73' title='bbox 261 1511 363 1567; x_wconf 92' lang='lat' dir='ltr'><strong>nunc,</strong></span> <span class='ocrx_word' id='word_1_74' title='bbox 388 1511 409 1554; x_wconf 94' lang='lat' dir='ltr'><strong>o</strong></span> <span class='ocrx_word' id='word_1_75' title='bbox 431 1490 556 1554; x_wconf 81' lang='lat' dir='ltr'><strong>mores!</strong></span> <span class='ocrx_word' id='word_1_76' title='bbox 580 1510 638 1552; x_wconf 90' lang='lat' dir='ltr'><strong>cur</strong></span> <span class='ocrx_word' id='word_1_77' title='bbox 655 1512 759 1567; x_wconf 90' lang='lat' dir='ltr'><strong>nunc,</strong></span> <span class='ocrx_word' id='word_1_78' title='bbox 784 1512 805 1555; x_wconf 94' lang='lat' dir='ltr'><strong>o</strong></span> <span class='ocrx_word' id='word_1_79' title='bbox 828 1494 995 1574; x_wconf 88' lang='lat' dir='ltr'><strong>tempora!</strong></span> <span class='ocrx_word' id='word_1_80' title='bbox 1019 1490 1126 1557; x_wconf 86' lang='lat' dir='ltr'><strong>dicis?</strong></span> 
     </span>
     <span class='ocr_line' id='line_1_14' title="bbox 234 1590 1087 1678; baseline 0.005 -25"><span class='ocrx_word' id='word_1_81' title='bbox 234 1591 331 1671; x_wconf 79' lang='lat' dir='ltr'><strong>erod</strong></span> <span class='ocrx_word' id='word_1_82' title='bbox 354 1592 411 1654; x_wconf 87' lang='lat' dir='ltr'><strong>tibi</strong></span> <span class='ocrx_word' id='word_1_83' title='bbox 432 1612 496 1655; x_wconf 90' lang='lat' dir='ltr'><strong>non</strong></span> <span class='ocrx_word' id='word_1_84' title='bbox 519 1592 666 1675; x_wconf 87' lang='lat' dir='ltr'><strong>placeat,</strong></span> <span class='ocrx_word' id='word_1_85' title='bbox 691 1590 890 1670; x_wconf 76' lang='lat' dir='ltr'><strong>caeciliane,</strong></span> <span class='ocrx_word' id='word_1_86' title='bbox 915 1594 990 1678; x_wconf 89' lang='lat' dir='ltr'><strong>quid</strong></span> <span class='ocrx_word' id='word_1_87' title='bbox 1014 1593 1087 1657; x_wconf 83' lang='lat' dir='ltr'><strong>est?</strong></span> 
     </span>
     <span class='ocr_line' id='line_1_15' title="bbox 168 1688 1133 1773; baseline 0.001 -16"><span class='ocrx_word' id='word_1_88' title='bbox 168 1692 265 1757; x_wconf 78' lang='lat' dir='ltr'><strong>Nulla</strong></span> <span class='ocrx_word' id='word_1_89' title='bbox 292 1696 405 1756; x_wconf 87' lang='lat' dir='ltr'><strong>ducum</strong></span> <span class='ocrx_word' id='word_1_90' title='bbox 427 1693 559 1771; x_wconf 84' lang='lat' dir='ltr'><strong>feritas,</strong></span> <span class='ocrx_word' id='word_1_91' title='bbox 584 1694 670 1757; x_wconf 90' lang='lat' dir='ltr'><strong>nulla</strong></span> <span class='ocrx_word' id='word_1_92' title='bbox 694 1706 743 1759; x_wconf 87' lang='lat' dir='ltr'><strong>est</strong></span> <span class='ocrx_word' id='word_1_93' title='bbox 763 1694 1004 1773; x_wconf 77' lang='lat' dir='ltr'><strong>insaniaferr13</strong></span> <span class='ocrx_word' id='word_1_94' title='bbox 1131 1688 1133 1692; x_wconf 54' lang='grc'>’</span> 
     </span>
    </p>

    <p class='ocr_par' dir='ltr' id='par_1_10' title="bbox 168 1796 1172 4336">
     <span class='ocr_line' id='line_1_16' title="bbox 233 1796 824 1883; baseline 0.003 -23"><span class='ocrx_word' id='word_1_95' title='bbox 233 1797 319 1860; x_wconf 88' lang='lat' dir='ltr'><strong>Pace</strong></span> <span class='ocrx_word' id='word_1_96' title='bbox 337 1796 404 1861; x_wconf 83' lang='lat' dir='ltr'><strong>frui</strong></span> <span class='ocrx_word' id='word_1_97' title='bbox 427 1808 513 1860; x_wconf 89' lang='lat' dir='ltr'><strong>certa</strong></span> <span class='ocrx_word' id='word_1_98' title='bbox 536 1796 715 1883; x_wconf 85' lang='lat' dir='ltr'><strong>laetitiaque</strong></span> <span class='ocrx_word' id='word_1_99' title='bbox 737 1798 824 1862; x_wconf 89' lang='lat' dir='ltr'><strong>licet.</strong></span> 
     </span>
     <span class='ocr_line' id='line_1_17' title="bbox 168 1896 1172 1987; baseline 0.005 -26"><span class='ocrx_word' id='word_1_100' title='bbox 168 1896 245 1961; x_wconf 86' lang='lat' dir='ltr'><strong>Non</strong></span> <span class='ocrx_word' id='word_1_101' title='bbox 269 1899 372 1962; x_wconf 86' lang='lat' dir='ltr'><strong>nostri</strong></span> <span class='ocrx_word' id='word_1_102' title='bbox 393 1898 530 1978; x_wconf 82' lang='lat' dir='ltr'><strong>faciunt,</strong></span> <span class='ocrx_word' id='word_1_103' title='bbox 554 1912 610 1966; x_wconf 80' lang='lat' dir='ltr'><strong>tua</strong></span> <span class='ocrx_word' id='word_1_104' title='bbox 627 1904 714 1987; x_wconf 92' lang='lat' dir='ltr'><strong>quod</strong></span> <span class='ocrx_word' id='word_1_105' title='bbox 737 1901 795 1964; x_wconf 90' lang='lat' dir='ltr'><strong>tibi</strong></span> <span class='ocrx_word' id='word_1_106' title='bbox 814 1910 961 1984; x_wconf 88' lang='lat' dir='ltr'><strong>tempora</strong></span> <span class='ocrx_word' id='word_1_107' title='bbox 982 1902 1133 1966; x_wconf 87' lang='lat' dir='ltr'><strong>sordent:</strong></span> <span class='ocrx_word' id='word_1_108' title='bbox 1169 1906 1172 1911; x_wconf 83' lang='grc'><strong><em>’</em></strong></span> 
     </span>
     <span class='ocr_line' id='line_1_18' title="bbox 233 2001 893 2081; baseline 0.008 -18"><span class='ocrx_word' id='word_1_109' title='bbox 233 2001 297 2063; x_wconf 86' lang='lat' dir='ltr'><strong>Sed</strong></span> <span class='ocrx_word' id='word_1_110' title='bbox 314 2001 434 2066; x_wconf 82' lang='lat' dir='ltr'><strong>faciunt</strong></span> <span class='ocrx_word' id='word_1_111' title='bbox 456 2013 580 2081; x_wconf 85' lang='lat' dir='ltr'><strong>mores,</strong></span> <span class='ocrx_word' id='word_1_112' title='bbox 606 2003 809 2081; x_wconf 86' lang='lat' dir='ltr'><strong>Caeciliane,</strong></span> <span class='ocrx_word' id='word_1_113' title='bbox 833 2002 893 2068; x_wconf 80' lang='lat' dir='ltr'><strong>tui.</strong></span> 
     </span>
     <span class='ocr_line' id='line_1_19' title="bbox 450 2105 1007 2187; baseline 0.004 -17"><span class='ocrx_word' id='word_1_114' title='bbox 450 2108 527 2170; x_wconf 86' lang='lat' dir='ltr'><strong>LX.</strong></span> <span class='ocrx_word' id='word_1_115' title='bbox 561 2106 740 2172; x_wconf 81' lang='lat' dir='ltr'><strong>Eiusdem.</strong></span> <span class='ocrx_word' id='word_1_116' title='bbox 774 2109 832 2187; x_wconf 83' lang='lat' dir='ltr'><strong>(L.</strong></span> <span class='ocrx_word' id='word_1_117' title='bbox 857 2108 910 2172; x_wconf 84' lang='lat'><strong>10.</strong></span> <span class='ocrx_word' id='word_1_118' title='bbox 934 2105 1007 2186; x_wconf 75' lang='lat'><strong>³5.)</strong></span> 
     </span>
     <span class='ocr_line' id='line_1_20' title="bbox 337 2206 952 2293; baseline 0.003 -22"><span class='ocrx_word' id='word_1_119' title='bbox 337 2206 458 2271; x_wconf 87' lang='lat' dir='ltr'><strong>Omnes</strong></span> <span class='ocrx_word' id='word_1_120' title='bbox 483 2207 654 2290; x_wconf 83' lang='lat' dir='ltr'><strong>Sulpiciam</strong></span> <span class='ocrx_word' id='word_1_121' title='bbox 677 2210 785 2293; x_wconf 87' lang='lat' dir='ltr'><strong>legant</strong></span> <span class='ocrx_word' id='word_1_122' title='bbox 806 2209 952 2292; x_wconf 91' lang='lat' dir='ltr'><strong>puellae,</strong></span> 
     </span>
     <span class='ocr_line' id='line_1_21' title="bbox 292 2308 932 2395; baseline 0.006 -22"><span class='ocrx_word' id='word_1_123' title='bbox 292 2308 358 2373; x_wconf 88' lang='lat' dir='ltr'><strong>Uni</strong></span> <span class='ocrx_word' id='word_1_124' title='bbox 381 2330 463 2395; x_wconf 88' lang='lat' dir='ltr'><strong>quae</strong></span> <span class='ocrx_word' id='word_1_125' title='bbox 477 2309 618 2392; x_wconf 82' lang='lat' dir='ltr'><strong>cupiunt</strong></span> <span class='ocrx_word' id='word_1_126' title='bbox 640 2310 720 2376; x_wconf 84' lang='lat' dir='ltr'><strong>viro</strong></span> <span class='ocrx_word' id='word_1_127' title='bbox 734 2311 877 2394; x_wconf 87' lang='lat' dir='ltr'><strong>placere.</strong></span> <span class='ocrx_word' id='word_1_128' title='bbox 928 2344 932 2351; x_wconf 27' lang='grc' dir='ltr'><strong>Δ</strong></span> 
     </span>
     <span class='ocr_line' id='line_1_22' title="bbox 295 2409 888 2498; baseline 0 -20"><span class='ocrx_word' id='word_1_129' title='bbox 295 2413 416 2478; x_wconf 78' lang='lat' dir='ltr'><strong>Omnes</strong></span> <span class='ocrx_word' id='word_1_130' title='bbox 437 2409 610 2493; x_wconf 84' lang='lat' dir='ltr'><strong>Sulpiciam</strong></span> <span class='ocrx_word' id='word_1_131' title='bbox 632 2416 741 2498; x_wconf 85' lang='lat' dir='ltr'><strong>legant</strong></span> <span class='ocrx_word' id='word_1_132' title='bbox 763 2413 888 2491; x_wconf 85' lang='lat' dir='ltr'><strong>mariti,</strong></span> 
     </span>
     <span class='ocr_line' id='line_1_23' title="bbox 292 2513 896 2599; baseline 0.007 -21"><span class='ocrx_word' id='word_1_133' title='bbox 292 2513 357 2578; x_wconf 86' lang='lat' dir='ltr'><strong>Uni</strong></span> <span class='ocrx_word' id='word_1_134' title='bbox 380 2513 435 2599; x_wconf 89' lang='lat' dir='ltr'><strong>qui</strong></span> <span class='ocrx_word' id='word_1_135' title='bbox 456 2513 588 2596; x_wconf 88' lang='lat' dir='ltr'><strong>cupiunt</strong></span> <span class='ocrx_word' id='word_1_136' title='bbox 611 2515 739 2598; x_wconf 86' lang='lat' dir='ltr'><strong>placere</strong></span> <span class='ocrx_word' id='word_1_137' title='bbox 761 2528 896 2599; x_wconf 77' lang='lat' dir='ltr'><strong>nuptae·</strong></span> 
     </span>
     <span class='ocr_line' id='line_1_24' title="bbox 292 2616 993 2699; baseline 0.003 -19"><span class='ocrx_word' id='word_1_138' title='bbox 292 2618 370 2680; x_wconf 83' lang='lat' dir='ltr'><strong>Non</strong></span> <span class='ocrx_word' id='word_1_139' title='bbox 394 2619 473 2680; x_wconf 81' lang='lat' dir='ltr'><strong>haec</strong></span> <span class='ocrx_word' id='word_1_140' title='bbox 496 2616 672 2683; x_wconf 87' lang='lat' dir='ltr'><strong>Colchidos</strong></span> <span class='ocrx_word' id='word_1_141' title='bbox 694 2618 807 2682; x_wconf 81' lang='lat' dir='ltr'><strong>asserit</strong></span> <span class='ocrx_word' id='word_1_142' title='bbox 827 2618 993 2699; x_wconf 83' lang='lat' dir='ltr'><strong>furorem,</strong></span> 
     </span>
     <span class='ocr_line' id='line_1_25' title="bbox 291 2718 921 2802; baseline 0.002 -18"><span class='ocrx_word' id='word_1_143' title='bbox 291 2718 366 2784; x_wconf 90' lang='lat' dir='ltr'><strong>Diri</strong></span> <span class='ocrx_word' id='word_1_144' title='bbox 387 2721 519 2802; x_wconf 87' lang='lat' dir='ltr'><strong>prandia</strong></span> <span class='ocrx_word' id='word_1_145' title='bbox 539 2742 598 2784; x_wconf 83' lang='lat' dir='ltr'><strong>nec</strong></span> <span class='ocrx_word' id='word_1_146' title='bbox 617 2721 719 2786; x_wconf 75' lang='lat' dir='ltr'><strong>refert</strong></span> <span class='ocrx_word' id='word_1_147' title='bbox 741 2722 921 2802; x_wconf 78' lang='lat' dir='ltr'><strong>Thyestae3</strong></span> 
     </span>
     <span class='ocr_line' id='line_1_26' title="bbox 293 2813 958 2904; baseline 0.006 -20"><span class='ocrx_word' id='word_1_148' title='bbox 293 2813 451 2902; x_wconf 87' lang='lat' dir='ltr'><strong>Scyllam,</strong></span> <span class='ocrx_word' id='word_1_149' title='bbox 477 2823 614 2904; x_wconf 84' lang='lat' dir='ltr'><strong>Byblida</strong></span> <span class='ocrx_word' id='word_1_150' title='bbox 636 2845 696 2888; x_wconf 89' lang='lat' dir='ltr'><strong>nec</strong></span> <span class='ocrx_word' id='word_1_151' title='bbox 715 2823 816 2887; x_wconf 83' lang='lat' dir='ltr'><strong>fuisse</strong></span> <span class='ocrx_word' id='word_1_152' title='bbox 837 2823 958 2903; x_wconf 84' lang='lat' dir='ltr'><strong>credit,</strong></span> 
     </span>
     <span class='ocr_line' id='line_1_27' title="bbox 295 2923 1004 3015; baseline 0.007 -28"><span class='ocrx_word' id='word_1_153' title='bbox 295 2925 359 2987; x_wconf 88' lang='lat' dir='ltr'><strong>Sed</strong></span> <span class='ocrx_word' id='word_1_154' title='bbox 381 2937 487 2990; x_wconf 87' lang='lat' dir='ltr'><strong>castos</strong></span> <span class='ocrx_word' id='word_1_155' title='bbox 510 2928 606 2990; x_wconf 89' lang='lat' dir='ltr'><strong>docet</strong></span> <span class='ocrx_word' id='word_1_156' title='bbox 626 2936 657 2989; x_wconf 88' lang='lat' dir='ltr'><strong>et</strong></span> <span class='ocrx_word' id='word_1_157' title='bbox 678 2923 752 3008; x_wconf 88' lang='lat' dir='ltr'><strong>pios</strong></span> <span class='ocrx_word' id='word_1_158' title='bbox 775 2946 924 3005; x_wconf 85' lang='lat' dir='ltr'><strong>amores,</strong></span> <span class='ocrx_word' id='word_1_159' title='bbox 1001 3008 1004 3015; x_wconf 33' lang='grc' dir='ltr'>Ι</span> 
     </span>
     <span class='ocr_line' id='line_1_28' title="bbox 292 3027 809 3112; baseline 0.004 -23"><span class='ocrx_word' id='word_1_160' title='bbox 292 3028 417 3103; x_wconf 82' lang='lat' dir='ltr'><strong>Lusus,</strong></span> <span class='ocrx_word' id='word_1_161' title='bbox 445 3027 573 3092; x_wconf 84' lang='lat' dir='ltr'><strong>delicias</strong></span> <span class='ocrx_word' id='word_1_162' title='bbox 593 3028 809 3112; x_wconf 74' lang='lat' dir='ltr'><strong>facetiaeque:</strong></span> 
     </span>
     <span class='ocr_line' id='line_1_29' title="bbox 295 3114 946 3212; baseline 0 -19"><span class='ocrx_word' id='word_1_163' title='bbox 295 3127 394 3193; x_wconf 89' lang='lat' dir='ltr'><strong>Cuius</strong></span> <span class='ocrx_word' id='word_1_164' title='bbox 417 3129 556 3193; x_wconf 88' lang='lat' dir='ltr'><strong>carmina</strong></span> <span class='ocrx_word' id='word_1_165' title='bbox 577 3129 633 3212; x_wconf 92' lang='lat' dir='ltr'><strong>qui</strong></span> <span class='ocrx_word' id='word_1_166' title='bbox 654 3114 734 3193; x_wconf 83' lang='lat' dir='ltr'><strong>bene</strong></span> <span class='ocrx_word' id='word_1_167' title='bbox 756 3126 946 3210; x_wconf 82' lang='lat' dir='ltr'><strong>aestimarit,</strong></span> 
     </span>
     <span class='ocr_line' id='line_1_30' title="bbox 292 3230 884 3316; baseline 0.002 -22"><span class='ocrx_word' id='word_1_168' title='bbox 292 3231 421 3294; x_wconf 87' lang='lat' dir='ltr'><strong>Nullam</strong></span> <span class='ocrx_word' id='word_1_169' title='bbox 444 3230 562 3295; x_wconf 86' lang='lat' dir='ltr'><strong>dixerit</strong></span> <span class='ocrx_word' id='word_1_170' title='bbox 584 3252 654 3297; x_wconf 91' lang='lat' dir='ltr'><strong>esse</strong></span> <span class='ocrx_word' id='word_1_171' title='bbox 676 3231 884 3316; x_wconf 86' lang='lat' dir='ltr'><strong>nequiorem,</strong></span> 
     </span>
     <span class='ocr_line' id='line_1_31' title="bbox 291 3332 881 3401; baseline 0.003 -4"><span class='ocrx_word' id='word_1_172' title='bbox 291 3334 421 3397; x_wconf 86' lang='lat' dir='ltr'><strong>Nullam</strong></span> <span class='ocrx_word' id='word_1_173' title='bbox 444 3332 562 3397; x_wconf 84' lang='lat' dir='ltr'><strong>dixerit</strong></span> <span class='ocrx_word' id='word_1_174' title='bbox 583 3354 653 3398; x_wconf 82' lang='lat' dir='ltr'><strong>esse</strong></span> <span class='ocrx_word' id='word_1_175' title='bbox 675 3332 881 3401; x_wconf 78' lang='lat' dir='ltr'><strong>sanctiorem.</strong></span> 
     </span>
     <span class='ocr_line' id='line_1_32' title="bbox 293 3426 787 3520; baseline 0 -20"><span class='ocrx_word' id='word_1_176' title='bbox 293 3426 393 3501; x_wconf 65' lang='lat' dir='ltr'><strong>Talis</strong></span> <span class='ocrx_word' id='word_1_177' title='bbox 414 3434 555 3520; x_wconf 87' lang='lat' dir='ltr'><strong>Egeriae</strong></span> <span class='ocrx_word' id='word_1_178' title='bbox 575 3437 667 3503; x_wconf 88' lang='lat' dir='ltr'><strong>iocos</strong></span> <span class='ocrx_word' id='word_1_179' title='bbox 688 3435 787 3502; x_wconf 87' lang='lat' dir='ltr'><strong>luisse</strong></span> 
     </span>
     <span class='ocr_line' id='line_1_33' title="bbox 294 3538 944 3606; baseline 0.002 -2"><span class='ocrx_word' id='word_1_180' title='bbox 294 3540 369 3604; x_wconf 88' lang='lat' dir='ltr'><strong>Udo</strong></span> <span class='ocrx_word' id='word_1_181' title='bbox 392 3538 580 3604; x_wconf 87' lang='lat' dir='ltr'><strong>crediderim</strong></span> <span class='ocrx_word' id='word_1_182' title='bbox 601 3541 727 3606; x_wconf 85' lang='lat' dir='ltr'><strong>Numae</strong></span> <span class='ocrx_word' id='word_1_183' title='bbox 748 3541 808 3605; x_wconf 79' lang='lat' dir='ltr'><strong>auls</strong></span> <span class='ocrx_word' id='word_1_184' title='bbox 832 3546 944 3605; x_wconf 80' lang='lat' dir='ltr'><strong>antroa</strong></span> 
     </span>
     <span class='ocr_line' id='line_1_34' title="bbox 294 3641 936 3726; baseline 0 -20"><span class='ocrx_word' id='word_1_185' title='bbox 294 3642 368 3706; x_wconf 88' lang='lat' dir='ltr'><strong>Hac</strong></span> <span class='ocrx_word' id='word_1_186' title='bbox 388 3641 605 3725; x_wconf 83' lang='lat' dir='ltr'><strong>condiscipula</strong></span> <span class='ocrx_word' id='word_1_187' title='bbox 628 3643 680 3706; x_wconf 88' lang='lat' dir='ltr'><strong>vel</strong></span> <span class='ocrx_word' id='word_1_188' title='bbox 701 3643 763 3705; x_wconf 87' lang='lat' dir='ltr'><strong>hae&#39;</strong></span> <span class='ocrx_word' id='word_1_189' title='bbox 781 3642 936 3726; x_wconf 86' lang='lat' dir='ltr'><strong>magistra</strong></span> 
     </span>
     <span class='ocr_line' id='line_1_35' title="bbox 295 3744 903 3828; baseline 0.003 -20"><span class='ocrx_word' id='word_1_190' title='bbox 295 3746 395 3809; x_wconf 79' lang='lat' dir='ltr'><strong>Esses</strong></span> <span class='ocrx_word' id='word_1_191' title='bbox 417 3744 545 3808; x_wconf 89' lang='lat' dir='ltr'><strong>doctior</strong></span> <span class='ocrx_word' id='word_1_192' title='bbox 564 3755 595 3807; x_wconf 89' lang='lat' dir='ltr'><strong>et</strong></span> <span class='ocrx_word' id='word_1_193' title='bbox 614 3745 727 3826; x_wconf 87' lang='lat' dir='ltr'><strong>pudica</strong></span> <span class='ocrx_word' id='word_1_194' title='bbox 751 3745 903 3828; x_wconf 76' lang='lat' dir='ltr'><strong>Sappho:</strong></span> 
     </span>
     <span class='ocr_line' id='line_1_36' title="bbox 294 3844 928 3931; baseline 0.003 -21"><span class='ocrx_word' id='word_1_195' title='bbox 294 3848 359 3910; x_wconf 87' lang='lat' dir='ltr'><strong>Sed</strong></span> <span class='ocrx_word' id='word_1_196' title='bbox 378 3858 480 3910; x_wconf 88' lang='lat' dir='ltr'><strong>tecum</strong></span> <span class='ocrx_word' id='word_1_197' title='bbox 503 3845 627 3927; x_wconf 84' lang='lat' dir='ltr'><strong>pariter</strong></span> <span class='ocrx_word' id='word_1_198' title='bbox 647 3844 804 3931; x_wconf 85' lang='lat' dir='ltr'><strong>simulque</strong></span> <span class='ocrx_word' id='word_1_199' title='bbox 826 3846 928 3912; x_wconf 68' lang='lat' dir='ltr'><strong>unam</strong></span> 
     </span>
     <span class='ocr_line' id='line_1_37' title="bbox 294 3947 897 4029; baseline 0.002 -16"><span class='ocrx_word' id='word_1_200' title='bbox 294 3947 406 4013; x_wconf 86' lang='lat' dir='ltr'><strong>Durus</strong></span> <span class='ocrx_word' id='word_1_201' title='bbox 428 3947 598 4029; x_wconf 87' lang='lat' dir='ltr'><strong>Sulpiciam</strong></span> <span class='ocrx_word' id='word_1_202' title='bbox 621 3949 735 4012; x_wconf 89' lang='lat' dir='ltr'><strong>Phaon</strong></span> <span class='ocrx_word' id='word_1_203' title='bbox 753 3961 897 4014; x_wconf 80' lang='lat' dir='ltr'><strong>amaret:</strong></span> 
     </span>
     <span class='ocr_line' id='line_1_38' title="bbox 295 4050 1040 4132; baseline 0.005 -19"><span class='ocrx_word' id='word_1_204' title='bbox 295 4051 453 4124; x_wconf 82' lang='lat' dir='ltr'><strong>Frustra3</strong></span> <span class='ocrx_word' id='word_1_205' title='bbox 476 4069 611 4132; x_wconf 88' lang='lat' dir='ltr'><strong>namque</strong></span> <span class='ocrx_word' id='word_1_206' title='bbox 632 4069 669 4113; x_wconf 84' lang='lat' dir='ltr'><strong>ea</strong></span> <span class='ocrx_word' id='word_1_207' title='bbox 690 4069 750 4113; x_wconf 86' lang='lat' dir='ltr'><strong>nec</strong></span> <span class='ocrx_word' id='word_1_208' title='bbox 774 4050 930 4117; x_wconf 86' lang='lat' dir='ltr'><strong>Tonantis</strong></span> <span class='ocrx_word' id='word_1_209' title='bbox 953 4072 1040 4118; x_wconf 86' lang='lat' dir='ltr'><strong>uxor</strong></span> 
     </span>
     <span class='ocr_line' id='line_1_39' title="bbox 293 4149 899 4234; baseline 0.01 -21"><span class='ocrx_word' id='word_1_210' title='bbox 293 4152 366 4214; x_wconf 86' lang='lat' dir='ltr'><strong>Nec</strong></span> <span class='ocrx_word' id='word_1_211' title='bbox 387 4149 508 4214; x_wconf 90' lang='lat' dir='ltr'><strong>Bacchi</strong></span> <span class='ocrx_word' id='word_1_212' title='bbox 528 4172 589 4215; x_wconf 89' lang='lat' dir='ltr'><strong>nec</strong></span> <span class='ocrx_word' id='word_1_213' title='bbox 610 4151 771 4234; x_wconf 85' lang='lat' dir='ltr'><strong>Apollinis</strong></span> <span class='ocrx_word' id='word_1_214' title='bbox 790 4153 899 4234; x_wconf 83' lang='lat' dir='ltr'><strong>puella</strong></span> 
     </span>
     <span class='ocr_line' id='line_1_40' title="bbox 293 4250 809 4336; baseline 0.008 -19"><span class='ocrx_word' id='word_1_215' title='bbox 293 4253 419 4336; x_wconf 87' lang='lat' dir='ltr'><strong>Erepto</strong></span> <span class='ocrx_word' id='word_1_216' title='bbox 440 4252 502 4317; x_wconf 85' lang='lat' dir='ltr'><strong>sibi</strong></span> <span class='ocrx_word' id='word_1_217' title='bbox 522 4252 649 4319; x_wconf 73' lang='lat' dir='ltr'><strong>uiueret</strong></span> <span class='ocrx_word' id='word_1_218' title='bbox 669 4250 809 4321; x_wconf 74' lang='lat' dir='ltr'><strong>Caleno·</strong></span> 
     </span>
    </p>
   </div>
   <div class='ocr_carea' id='block_1_3' title="bbox 0 0 1404 4762">
    <p class='ocr_par' dir='ltr' id='par_1_11' title="bbox 0 0 1404 4762">
     <span class='ocr_line' id='line_1_41' title="bbox 0 0 1404 4762; baseline 0 0"><span class='ocrx_word' id='word_1_219' title='bbox 0 0 1404 4762; x_wconf 95' lang='lat' dir='ltr'><strong> </strong></span> 
     </span>
    </p>
   </div>
  </div>
 </body>
</html>
