2782 4762
113 335 283 402 Uvidularn
306 359 323 400 a
345 338 443 400 fluctu
464 339 626 401 cedentem
651 339 690 398 ad
712 335 829 417 templa
850 338 944 399 deum
967 356 1016 398 mc

177 438 270 501 Sidus
293 439 326 502 in
348 438 486 523 antiquis
508 438 581 501 diva
604 459 725 502 novom
748 437 875 519 posuit:
932 448 944 502 ’,
993 472 997 481 -
1206 520 1209 525 Ι

98 538 261 625 ,Virginis
280 552 312 604 et
332 541 418 603 saevi
441 540 631 624 contingens
652 560 786 624 namque
809 539 933 603 Leonis
1186 543 1228 603 65

62 725 64 728 Ι
175 640 329 718 Lumina,
354 641 491 705 Callisto
514 641 619 703 iuncta
641 640 842 722 Lycaouidi,
871 650 873 655 ’
902 673 905 679 ·

58 730 63 739 ’
111 743 237 805 Vertor
258 742 290 804 in
313 764 480 817 occasum,
503 746 628 805 tardum
650 746 714 804 dux
736 753 807 805 ante
831 743 997 818 Booten,-

176 842 240 922 Qui
263 842 318 905 vix
337 866 410 908 sero
435 844 501 907 alto
523 844 677 927 mergitur
699 846 845 907 Oceano.

112 946 175 1007 Sed
193 967 382 1029 quamquam
406 967 453 1008 nie
474 956 570 1008 nocte
592 954 741 1025 premunt
762 944 900 1028 vestigia
923 944 1049 1021 divom,
1284 1026 1288 1031 ¹

174 1048 250 1108 Lux
270 1057 373 1109 autem
395 1068 489 1109 canae
513 1044 632 1124 Tethyi
655 1044 811 1120 restituit,
1184 1051 1225 1112 to

111 1144 219 1225 (Pace
242 1159 294 1209 tua
317 1146 379 1209 sari
400 1149 455 1209 hic
477 1146 587 1221 liceat,
613 1145 812 1209 Rhamnusia
833 1144 949 1230 virg03
1143 1143 1147 1153 ’

173 1250 319 1332 Namque
340 1268 404 1331 ego
427 1269 492 1310 non
512 1247 579 1310 ullo
602 1268 679 1310 vera
701 1247 818 1310 timore
840 1258 963 1331 teg-am,

111 1473 230 1526 Venerem
248 1488 300 1518 cum
319 1474 448 1527 'lurnebo,
480 1474 584 1518 l'oscoto
608 1489 635 1519 ac
653 1476 747 1519 Montio
771 1475 877 1534 intellige
900 1477 977 1531 ipsam
1002 1462 1182 1531 Zephyritidem
1200 1481 1225 1536 iu

110 1546 176 1589 caelo
194 1545 333 1600 degentem,
363 1557 408 1586 uon
427 1557 500 1597 vero,
532 1548 555 1586 ut
574 1543 674 1587 Cautius
692 1545 781 1603 voluit,
811 1545 960 1597 Caelestem,
986 1546 1015 1589 ab
1035 1534 1222 1593 illa'diversam.

111 1611 152 1660 58.
172 1608 294 1668 Canopeis
327 1614 380 1656 ΑΜ.
402 1608 426 1655 2.
443 1612 550 1669 retiquae
566 1609 694 1668 Canopiis.
713 1632 747 1645 -
765 1609 1091 1669 GraiaCanopieiseCdd.
1133 1613 1226 1661 Gratia

110 1681 169 1726 Can.
187 1681 244 1725 fecit
261 1669 359 1724 tactim.
377 1682 440 1724 coni.
461 1678 543 1724 Graia
559 1695 617 1725 sacre
638 1681 792 1734 dissyllabum
809 1686 854 1725 est.
880 1682 961 1729 luten.
978 1680 1007 1735 8,
1023 1680 1082 1725 226.
1102 1681 1225 1730 Prostitui

110 1749 252 1808 Graiaeque
270 1751 356 1806 apium
374 1753 421 1793 cet.
463 1749 556 1792 Heereo
577 1755 652 1792 tamen
676 1751 698 1792 in
724 1751 803 1792 fornia
828 1746 961 1805 Canopieic
981 1763 1010 1793 ex
1029 1748 1221 1814 Κανωπείοις.

110 1820 146 1863 lb.
166 1818 249 1862 incola
267 1815 310 1874 (ut
328 1818 378 1862 lere
394 1818 502 1861 Minerva
518 1819 601 1861 incola
616 1818 682 1861 Itoni
698 1819 778 1872 Epith.
796 1819 848 1862 Pel.
871 1816 943 1871 228.)
960 1819 983 1862 h.
1004 1819 1021 1862 l.
1038 1818 1097 1862 Diva
1113 1821 1221 1878 indiges,

109 1893 176 1947 grata
185 1891 302 1944 Aegypto.
323 1886 456 1929 Durissirne
471 1899 527 1930 sane
538 1889 611 1930 Voss.
625 1888 734 1939 isticce,
753 1888 775 1929 in
789 1901 834 1942 quo
845 1887 990 1931 defendendo
1001 1893 1070 1944 etque
1083 1890 1222 1941 explicando

110 1958 198 2000 uottem
215 1961 339 2009 tantopere
358 1968 383 1998 se
403 1955 514 1998 torsisset
532 1957 634 2000 Veleia:
655 1956 748 2008 „Suum
773 1968 832 2004 uero
854 1955 968 1998 famulum
987 1969 1034 2011 quo
1059 1957 1158 2000 miserat
1177 1959 1223 2002 Ze·

109 2023 242 2081 phyritis't·
258 2024 427 2068 Alexandriam
446 2027 474 2066 ad
492 2027 625 2082 tenrplmn,
643 2025 665 2067 in
685 2038 731 2080 quo
750 2037 817 2066 coma
836 2023 914 2067 iuerat
932 2026 1053 2079 dedicata;
1073 2030 1143 2080 atque
1162 2028 1222 2070 odeo

109 2095 135 2137 in
152 2095 208 2137 loca
225 2098 303 2152 grata
320 2092 437 2135 ticortaue
454 2091 582 2151 Aegypti;
610 2093 639 2135 ab
659 2094 766 2150 Aegypto
790 2093 979 2151 distinguebatur
996 2094 1140 2136 Alexandria
1159 2097 1236 2143 cet.”.

111 2161 151 2207 59.
171 2164 263 2207 Versus
278 2164 448 2204 conclamatus.
471 2184 502 2193 —
521 2162 549 2204 ni
561 2161 598 2203 dii
610 2175 653 2204 ven
667 2161 702 2203 ibi
715 2161 784 2204 vario
798 2161 873 2206 Codd.
888 2164 961 2205 Voss.
982 2185 1014 2195 -
1033 2159 1068 2220 Ιιγ
1086 2161 1122 2220 dy
1140 2164 1222 2207 cenibi

109 2230 178 2275 caric
196 2230 256 2274 Cod.
267 2230 382 2273 Ambros.
394 2230 423 2272 Y.
438 2229 529 2287 (sicque
543 2229 653 2283 Lachm.)
672 2253 704 2262 -
723 2229 750 2272 tn·
768 2229 805 2273 clii
822 2230 858 2275 tot
869 2232 938 2274 cario
950 2244 980 2272 ne
992 2231 1072 2274 solum
1085 2231 1130 2274 eud
1143 2226 1222 2276 limite

109 2300 153 2344 lid.
166 2299 241 2353 princ.
264 2320 293 2330 —
314 2297 398 2342 Gnata
417 2294 443 2341 C.
462 2299 549 2342 incola
566 2301 584 2342 l.
604 2298 678 2342 Ludit
697 2298 739 2342 ubi
757 2300 820 2342 Scal.
841 2323 874 2332 -
897 2299 986 2342 Sidere
1004 2298 1040 2341 tat
1058 2300 1127 2343 uario
1145 2303 1220 2345 Voss.

78 2416 83 2423 ¹
109 2388 143 2401 -
159 2367 261 2411 Scilicet
277 2368 305 2410 in
323 2367 393 2411 uario
411 2366 456 2410 Ed.
472 2364 548 2411 llll.
563 2368 632 2411 ntus.
648 2368 724 2423 quud,
745 2369 788 2410 etsi
801 2371 929 2421 incertum-3
951 2382 1003 2411 cum
1016 2368 1100 2412 Valclt.
1113 2371 1220 2413 etFosc.

109 2437 258 2481 retinuimus.
290 2438 351 2479 Voc.
371 2436 469 2479 seilicet
486 2437 652 2480 incredibilem
670 2437 692 2478 iu
713 2437 808 2478 modum
832 2442 930 2490 propter
953 2437 1086 2489 scripturae
1110 2451 1221 2493 compen·

110 2507 147 2549 dia
165 2505 284 2559 corrumpi
305 2507 367 2548 solet
385 2505 481 2560 ubique.
512 2505 617 2548 lenensis
635 2505 720 2561 aliquis
739 2505 836 2548 criticus
854 2506 962 2549 volebat:
983 2504 1077 2549 Lumen
1088 2505 1124 2548 ibt
1136 2507 1221 2565 cario,

110 2575 171 2617 mira
180 2574 353 2629 'appositione3
385 2578 455 2629 atque
473 2574 571 2628 insuper
584 2574 688 2616 otiosunr
702 2573 736 2616 sic
748 2578 884 2617 remaneret
896 2588 948 2618 voc.
963 2574 1056 2618 lumen.
1095 2575 1130 2617 lb.
1142 2575 1221 2618 limite

110 2656 162 2686 curn
174 2643 247 2685 Doer.
260 2643 332 2686 Fosc.
347 2657 359 2686 e
375 2642 451 2685 Codd.
466 2643 518 2687 Cfr.
537 2642 607 2686 Ouid.
624 2644 683 2686 Met.
699 2639 729 2694 2,
749 2638 807 2686 130.
828 2645 857 2685 Α.
877 2642 941 2687 Geli.
956 2640 988 2695 2,
1004 2640 1029 2686 2.
1049 2641 1119 2686 Satis
1136 2649 1221 2687 notum

109 2717 147 2755 est
163 2711 255 2754 limites
273 2711 438 2769 regionesque
457 2725 512 2754 esse
531 2712 596 2755 caeli
613 2717 728 2769 quattuor
747 2715 792 2758 cet.
820 2731 854 2744 -
878 2712 965 2755 limine
984 2712 1044 2755 Stat.
1071 2712 1221 2755 *flumina

110 2781 171 2824 Scal-
184 2781 257 2822 Voss.
272 2781 354 2823 Valclt.
394 2776 435 2826 ⁶3.
457 2779 584 2823 uvidulam
604 2794 619 2822 a
632 2779 715 2842 fluctu
733 2778 932 2824 codanmtnos.
945 2778 969 2824 l.
989 2779 1035 2822 Ed.
1049 2780 1125 2833 princ.
1145 2782 1218 2828 Voss.

110 2850 133 2893 iu
149 2849 222 2892 notis.
238 2849 323 2892 Valclt.
339 2849 411 2892 Fosc.
433 2870 462 2881 -
483 2848 610 2893 uvidulam
627 2863 643 2891 a
657 2848 738 2911 fluctu
752 2849 826 2892 Voss.
841 2850 863 2892 in
880 2853 1001 2894 contextu.
1017 2849 1087 2903 idque
1102 2848 1220 2902 interpre-

110 2922 187 2961 tatur:
212 2919 307 2960 roscido
332 2917 420 2960 Oceani
445 2921 501 2962 adre
526 2919 674 2972 medentem3
703 2914 828 2959 uvidulam
850 2931 866 2958 a
878 2915 941 2978 fletu
957 2917 1062 2969 Fuscus,
1081 2917 1126 2960 Au.
1147 2916 1217 2962 Aldd.

109 2987 175 3029 Mur.
189 2985 263 3029 Doer.
283 3008 316 3019 -
342 2983 455 3029 Vividulo
471 3001 487 3028 a
503 2985 571 3048 flatu
585 2987 621 3030 vel
642 2981 731 3044 afflatu
752 2986 815 3028 Scat.
841 2987 919 3041 Qucum
933 2999 949 3027 a
961 2983 1043 3046 fluctu
1059 2985 1097 3026 rix
1116 2986 1219 3039 patiatur

109 3055 253 3098 Vossiauam
279 3055 515 3108 interpretationem,
547 3055 603 3098 mihi
628 3057 722 3111 quidem
747 3056 866 3107 placeret:
895 3053 1020 3098 stridulam
1044 3049 1132 3113 afflictu
1156 3054 1219 3098 alitis

110 3124 178 3180 equi,
199 3127 224 3166 ut
238 3124 307 3180 Virg.
320 3122 365 3166 Ge.
380 3122 408 3176 1,
423 3120 483 3168 250.
501 3122 602 3181 Nosque
620 3120 664 3167 ubi
676 3123 778 3179 primur
797 3123 866 3179 equis
885 3121 977 3167 Oriens
996 3119 1092 3182 afflavit
1103 3121 1219 3177 anhelis,

109 3206 184 3248 neque
203 3193 289 3248 ingrati
308 3193 435 3248 quidquam
454 3193 550 3236 habebit
567 3193 661 3250 imago,
683 3192 721 3235 ubi
740 3195 867 3236 caelestem
887 3205 973 3247 equum
991 3192 1143 3249 cogitaveris.
1168 3193 1218 3236 Pro

108 3256 178 3304 deum
191 3274 229 3302 me
241 3261 317 3318 Rbeg.
331 3260 489 3305 Graculus.
505 3261 580 3305 Codd.
595 3261 645 3305 lere
658 3260 780 3310 decernas,
794 3258 925 3314 decianae,
940 3260 1045 3315 dianae,
1060 3248 1134 3303 ittam
1146 3261 1215 3304 Rom.

108 3329 161 3372 Vir.
177 3330 245 3373 Bria.
265 3328 354 3372 dionae
375 3331 449 3375 codex
468 3331 602 3374 Saibantis:
627 3332 687 3373 unde
706 3332 803 3373 Snuten.
831 3327 947 3372 Uvidulae
966 3343 981 3370 a
994 3329 1075 3390 fluctu
1093 3329 1219 3372 cedentem

108 3398 199 3455 templa
212 3397 331 3442 Dionae.·
359 3395 399 3442 ⁶5.
419 3399 567 3457 contingens
585 3412 631 3441 ora
649 3400 729 3443 leonis
745 3400 799 3442 nte.
816 3396 839 3443 1.
877 3395 918 3454 66.
940 3398 999 3441 Cum
1014 3399 1099 3441 Vatcls.
1116 3399 1216 3450 praetuli

109 3466 223 3521 Anonymi
237 3469 300 3512 coni.
314 3464 417 3510 Callisto
434 3465 563 3520 (Callistoc
573 3467 634 3511 Edd.
648 3468 718 3523 vett.)
733 3469 818 3512 iuncta
830 3464 982 3525 Lycaonidi.
1005 3488 1033 3497 —
1054 3466 1138 3508 iuncta
1149 3479 1217 3519 prae·

58 3556 62 3561 ·
109 3538 148 3584 bel
165 3541 246 3584 Codex
263 3537 328 3583 sato.
345 3537 406 3584 Edd.
424 3542 480 3582 vett.
501 3561 534 3574 -
552 3537 636 3592 iacta,
657 3538 739 3591 iusta,
759 3536 888 3579 instantii
909 3536 984 3578 Cottrt.
1007 3535 1088 3576 nttima
1106 3539 1216 3588 cor-repta

109 3615 189 3654 costra
208 3622 275 3652 nsum
294 3610 365 3652 etiam
384 3608 488 3653 Lucretii
504 3608 532 3662 1,
548 3604 607 3652 816.
628 3608 727 3662 corripit
740 3607 818 3663 utique
830 3605 920 3647 Auson.
933 3605 1015 3648 Praei.
1027 3605 1055 3646 ad
1069 3603 1160 3646 Theod.
1175 3601 1215 3646 16.

109 3680 182 3722 Codd.
198 3678 309 3722 nmmos.
325 3674 350 3721 i.
366 3680 398 3721 al.
417 3679 469 3722 dein
485 3677 631 3736 Lycaonia,
652 3690 681 3719 ex
697 3690 761 3733 quo,
782 3676 800 3720 si
819 3675 1053 3725 iuxtaretineatur,
1074 3677 1138 3716 recte
1153 3672 1216 3715 fece-

108 3752 163 3791 runt
178 3746 339 3806 Lycaonida,
359 3745 504 3804 Lycaoniae
523 3746 604 3789 Codex
624 3759 682 3789 uuus
701 3761 714 3788 a
733 3759 802 3788 rnanu
821 3758 870 3786 sec.
889 3744 948 3787 Edd.
962 3748 1019 3787 vett.
1033 3743 1107 3785 Doer.
1120 3741 1216 3785 l'oscoti

108 3814 210 3860 Callisto
227 3816 294 3859 irrata
312 3814 454 3874 Lycaonidi
472 3815 558 3870 triplici
577 3814 713 3859 difficultate
732 3814 835 3856 laborat.
855 3814 907 3856 sttt.
919 3813 1016 3856 Lachm.
1033 3813 1107 3854 iuxta
1122 3815 1216 3861 (contra

108 3885 218 3940 metrum)
238 3884 396 3942 Lycaonicla.
452 3881 494 3929 10.
518 3882 577 3928 Lux
601 3890 644 3927 arat
667 3897 741 3927 cauae
766 3880 858 3925 Thesei
881 3884 984 3926 restituo
1008 3881 1053 3924 Ed.
1074 3882 1150 3935 princ.
1172 3880 1216 3924 etsi

108 3960 232 4010 praeterea
250 3955 342 3997 variant
360 3953 428 4007 libri,
460 3952 536 4006 „nihil
560 3954 583 3997 iu
602 3958 697 4007 recepta
715 3951 781 3996 Luce
799 3957 882 3994 autem
900 3976 909 3988 ·
928 3975 938 3986 ·
958 3951 1077 3994 restituor
1094 3949 1218 3994 videbatur

108 4024 185 4068 minus
195 4024 380 4068 Catullianum.”
389 4025 473 4067 Valck.
502 4023 574 4067 Recte
584 4021 772 4067 tamen‘Laclnn.
784 4025 806 4063 et
816 4021 857 4062 Br.
871 4019 952 4063 eCdd.
964 4020 1072 4077 vestigiis
1082 4018 1217 4063 correxisse

106 4095 230 4137 videntur:
250 4091 308 4136 Lux
327 4099 410 4137 autem
429 4117 438 4129 ·
458 4117 467 4128 ·
485 4092 606 4136 restituit.
656 4088 697 4135 11.
717 4087 758 4134 liic
772 4089 818 4132 Ed.
839 4089 913 4142 princ.
935 4089 981 4135 Ed.
996 4085 1072 4134 ttst.
1090 4089 1161 4133 Fosc.
1182 4107 1215 4120 -

107 4159 168 4207 llaec
186 4167 223 4208 est
239 4161 336 4207 drancii
355 4154 489 4217 correctio,
510 4175 580 4219 qnam
599 4174 681 4206 omncs
699 4160 858 4208 retinuerunt.
