2782 4762
662 375 717 441 87.

130 481 302 566 Diogenes
324 481 403 547 situs
424 481 476 546 hic
497 479 623 563 sapiens
645 481 753 558 canis,
777 480 829 544 itte
852 479 935 544 virtti
1044 530 1046 537 .

193 587 334 650 Pectore
356 585 411 670 qui
433 586 519 649 vitae
543 582 646 647 velitis
670 595 782 648 atretor
804 595 885 648 erat.

128 688 219 754 Unus
241 687 293 751 cui
315 689 464 764 baculus,
490 708 567 769 pera
590 707 650 748 una
673 697 704 749 et
727 685 844 768 diplois
867 705 949 749 ernas

193 791 285 855 Haec
306 789 410 854 animo
431 789 520 873 frugi
541 788 660 873 quippe
683 788 775 852 suere
795 788 885 852 satis.

130 892 270 967 Vesuui,
296 880 413 956 moneo
434 891 548 975 procul
572 893 634 954 hoc
658 889 802 954 absistite
826 893 938 955 husto:

192 997 295 1060 Ferre
319 993 507 1088 Sinopensis
530 991 631 1058 nescit
653 1005 685 1056 et
707 995 817 1057 umbra
841 994 954 1057 malos.

662 1151 717 1215 88.

129 1270 288 1357 Diogenis
311 1270 466 1354 sapientis
488 1291 567 1354 opes
589 1283 661 1336 sunt
683 1291 779 1353 pera,
808 1271 955 1348 lacerna,

126 1443 130 1448 ¹
194 1374 324 1457 Scipi03
347 1375 434 1437 neella
455 1373 518 1437 fuit
539 1375 603 1437 vita
628 1386 757 1438 onerata
782 1372 896 1440 minus.

131 1475 185 1539 Nil
209 1477 286 1560 liqui
308 1477 442 1540 tellure:
467 1477 539 1540 sero
562 1498 630 1540 mea
652 1490 767 1540 cuneta
790 1474 969 1540 Charontir

192 1580 290 1644 Mota
312 1591 366 1644 tna
388 1577 548 1663 excipiat,
574 1578 737 1657 Cerbere‚
762 1582 861 1643 cauda
884 1599 1008 1660 canem.

664 1739 719 1805 89.

131 1857 279 1922 Plutonis
301 1858 399 1944 rigidi
420 1869 507 1925 tetro
529 1857 638 1945 gravis
662 1881 721 1924 ore
744 1857 904 1938 minister,

195 1961 312 2040 Qui
282 1984 372 2046 nigra
395 1963 510 2026 transis
532 1965 616 2026 hunc
636 1964 823 2028 Acheronta
846 1975 934 2038 rate,
1017 2044 1019 2049 Α

131 2061 310 2144 Diogenem
334 2086 406 2142 mc,
431 2086 574 2180 quaeso,
598 2087 705 2128 canem
729 2067 825 2129 simut
843 2065 971 2148 accipe,
1001 2084 1190 2177 qeramqnam

194 2166 386 2229 Umbrarum
410 2179 519 2248 portat
544 2166 599 2231 vix
620 2179 672 2230 tua
697 2167 787 2230 navis
811 2188 904 2232 onus.

131 2265 314 2348 Arnpuilam
338 2289 510 2353 perumque
531 2270 604 2334 iero
628 2282 834 2355 veteremque
858 2271 1013 2350 lacernam
1228 2268 1248 2357 5

196 2370 305 2452 Atque
329 2371 480 2447 obolum,
506 2393 629 2435 merces
652 2394 732 2458 quae
756 2384 826 2449 tua,
849 2385 982 2448 vector,
1011 2371 1085 2436 erit.

131 2470 265 2548 Omnia,
289 2492 371 2555 quae
394 2471 506 2537 vivens
529 2475 646 2551 habui,
671 2476 742 2540 iero
764 2475 849 2539 Ditis
872 2479 912 2538 ad
933 2476 1055 2550 auiaru;

197 2574 264 2638 Res
285 2576 345 2637 sub
368 2575 460 2652 sole,
482 2575 545 2640 fuit
568 2599 649 2664 qnae
672 2600 760 2657 mea,
785 2581 874 2651 neella,
893 2591 1011 2643 ruanet.

661 2719 715 2783 90.

130 2833 233 2910 Pera,
257 2835 385 2900 lacerna
407 2837 528 2921 duplex
551 2850 582 2902 et
606 2860 705 2955 aquae
726 2838 878 2923 perinista
900 2842 1068 2926 polenta,

195 2939 238 3000 Et
260 2928 392 3002 hacrrlus
415 2963 562 3025 gressum
584 2942 639 3026 qui
661 2943 746 3028 regit
768 2956 841 3008 ante
863 2948 984 3027 pedes,

132 3041 295 3124 'festaque
317 3062 379 3123 pro
401 3046 537 3146 cyatho,
561 3045 712 3127 sapientis
735 3057 803 3110 tota
826 3050 994 3130 suppeliex

194 3143 285 3207 Haec
307 3144 394 3208 canis
418 3158 485 3210 est.
507 3147 592 3210 etin
614 3147 664 3211 his
685 3151 773 3232 quod
794 3153 966 3234 superabat
989 3163 1071 3215 erat.

130 3242 268 3308 Viderat
289 3245 485 3330 agricolam,
510 3234 587 3313 cava
610 3249 662 3313 eui
685 3273 794 3316 manus
815 3244 964 3317 hauserat
983 3239 1120 3330 undam,
1235 3255 1255 3316 5

195 3349 328 3431 Teque
353 3349 415 3427 ait,
440 3351 517 3415 heus
539 3351 660 3416 frustra
682 3373 740 3418 cur
762 3377 846 3440 ego,
870 3368 968 3433 testa,
992 3357 1092 3423 fero?

666 3495 720 3558 91.

130 3607 218 3671 Aera
242 3608 308 3672 dies
330 3610 451 3692 perdit:
475 3613 531 3676 sed
552 3607 667 3678 nomen
691 3617 811 3699 grande
833 3618 1010 3700 decusque,

192 3710 379 3794 Diogenes,
406 3710 673 3780 adiment'secula
696 3718 780 3781 neella
803 3718 873 3782 tibi.

129 3809 291 3874 Mortales
314 3826 347 3876 tu
370 3837 503 3897 nmnque
526 3819 641 3894 doces,
666 3820 741 3883 satis
765 3842 834 3883 esse
857 3833 969 3903 pertore
1014 3812 1015 3815 ¹

192 3913 291 3994 Quod
312 3916 388 3980 satis
403 3930 442 3980 et
465 3918 548 3983 vitae
570 3941 633 3985 nou
657 3942 792 3987 onerare
818 3923 912 3988 viam.

662 4061 716 4125 92.

129 4171 233 4247 Risit,
257 4185 292 4237 ut
313 4157 445 4241 infernis
469 4176 628 4244 Croesum
651 4184 822 4267 conspexit
844 4185 875 4250 in
899 4189 1037 4268 eruthris,

193 4275 350 4342 Nimirum
374 4279 500 4366 sapiens
522 4294 599 4347 tnnc
621 4305 770 4375 quoque,
794 4287 979 4375 Diogenes,
1060 4330 1064 4337 ·
