2782 4762
1185 207 1245 268 201

111 363 270 428 'Callidus
296 384 432 427 excusso
453 363 606 445 populum
631 367 822 446 suspendere
845 384 936 427 naso.

126 468 206 530 Men
236 465 350 528 mutire
377 464 491 528 nefas?
527 487 585 528 nec
614 466 694 528 clam
724 488 784 529 nec
814 477 884 529 cum
914 465 1054 530 scrobe?
1077 498 1116 508 -
1141 468 1246 538 „Nus-

970 569 1105 654 quam”
1130 601 1169 612 —-

127 674 190 736 Hic
213 683 314 734 tamen
338 671 510 735 infodiam:
535 670 631 746 Vidi,
658 669 723 732 vidi
744 670 826 752 ipse,
850 671 975 734 libelle:
1189 673 1249 733 120

125 774 298 838 Auriculas
322 774 398 836 asini
421 772 490 856 quis
512 772 720 836 nonhabet?
743 805 783 816 —
806 775 882 836 Hoc
905 794 968 857 ego
992 782 1155 855 opertum,

126 879 202 940 Hoc
224 876 328 938 ridere
352 896 472 950 inerim,
498 887 561 936 tam
585 875 648 949 nil,
674 875 758 937 nulla
781 874 840 936 tibi
863 877 968 938 vendo
1125 878 1126 882 ’

126 979 237 1042 Iliade.
264 1011 302 1026 -
326 978 452 1040 Audaci
474 976 654 1061 quicunque
678 977 780 1039 afflate
805 976 963 1052 Cratino,

128 1082 247 1142 lratum
271 1079 464 1161 Eupolidem
486 1079 679 1162 praegrandi
702 1101 771 1140 cum
794 1100 868 1141 sene
891 1079 1011 1160 palles,

129 1183 270 1264 Adspice
294 1194 325 1244 ct
347 1168 442 1256 baec,
469 1181 495 1242 si
517 1180 604 1244 forte
627 1181 743 1262 aliquid
767 1180 929 1244 decoctius
953 1183 1053 1246 audis.
1187 1187 1245 1248 125

129 1287 206 1348 Inde
228 1297 385 1365 vaporata
409 1286 513 1369 lector
536 1283 609 1345 mihi
630 1282 756 1344 ferveat
778 1304 871 1345 anre:

129 1389 203 1450 Non
225 1386 296 1461 hic,
323 1385 428 1469 quiin
452 1386 598 1467 crepidas
622 1383 794 1447 Graiorum
817 1387 926 1448 ludere
950 1387 1044 1470 gestit
1086 1419 1088 1421 ·

129 1488 283 1551 Sordidus
306 1499 337 1549 et
360 1489 451 1550 lusco
475 1488 529 1570 qui
551 1485 654 1568 possit
677 1487 803 1550 dicere:
827 1488 930 1551 lusce!

130 1591 204 1654 Sese
228 1590 362 1673 aliquem
385 1592 536 1666 credens,
562 1590 646 1651 Italo
670 1591 757 1670 quod
778 1591 903 1652 bonore
927 1591 1078 1672 supinus

128 1693 277 1776 Fregerit
297 1691 436 1753 heminas
460 1691 554 1752 Arcti
577 1689 686 1752 aedilis
709 1689 851 1774 iniquas:
1011 1728 1015 1737 .
1187 1693 1247 1756 130

127 1796 197 1856 Nec
219 1796 273 1877 qui
295 1796 395 1856 abaco
420 1813 568 1871 ninueros
591 1804 622 1854 et
646 1804 734 1855 secto
757 1792 789 1853 in
811 1795 945 1874 pulvere
968 1807 1065 1856 metas

127 1895 194 1957 Scit
216 1894 321 1958 risisse
346 1895 455 1969 valer,
480 1895 622 1982 multum⁸
635 1897 773 1976 gaudere
796 1908 942 1975 paratus,

127 1998 160 2060 Si
183 1997 298 2077 cynico
321 1999 452 2058 barbam
475 1996 620 2077 petulans
643 1997 773 2060 nonaria
797 1997 905 2059 vellat.

126 2097 187 2160 His
212 2120 299 2162 mane
322 2099 477 2173 edictum,
502 2109 578 2179 post
599 2097 731 2179 prandia
755 2097 941 2163 Callirhoen
966 2103 1020 2163 do.

472 2287 646 2350 SATIRA
669 2287 899 2352 SECUNDA.

190 2411 303 2483 Hunc,
328 2407 494 2481 Macrine,
520 2407 601 2470 diem
625 2429 752 2470 numera
776 2409 907 2473 meliore
931 2409 1065 2491 lapillo,

125 2510 189 2589 Qui
211 2508 269 2571 tibi
290 2510 431 2572 labentes
455 2509 588 2590 apponit
611 2513 759 2573 candidus
783 2533 895 2574 annos.

124 2613 236 2674 Funde
260 2632 379 2673 merum
404 2612 527 2674 Genio!
562 2613 637 2674 Non
660 2625 693 2673 tu
716 2634 812 2693 prece
836 2613 942 2697 posqjs
966 2614 1082 2688 emaci,
1163 2599 1168 2604 ’

125 2713 215 2794 Quae
240 2713 297 2775 nisi
319 2714 456 2775 seductis
473 2731 621 2796 'nequeas'
641 2713 839 2776 committere
858 2714 956 2799 diuis.

195 2912 253 2960 119.
275 2939 307 2948 —-·
325 2916 427 2958 muttire
446 2918 476 2958 V.
517 2913 575 2960 120.
598 2936 625 2948 -
646 2914 697 2959 ridi
717 2913 758 2959 bic
777 2915 828 2960 ridi
846 2915 875 2958 R.
899 2939 928 2948 -
948 2915 1003 2961 ride
1021 2916 1075 2960 eide
1095 2918 1120 2962 S.
1142 2939 1174 2948 -
1192 2920 1245 2962 eide

123 2982 164 3029 bic
180 2981 234 3026 vide
252 2985 287 3027 nl.
328 2982 386 3029 125.
408 3009 440 3018 -
459 2989 482 3027 et
499 2982 545 3028 hoc
564 2985 593 3028 ll.
615 2997 737 3039 superscr.
758 3000 797 3028 ue.
837 2987 896 3028 ilem
910 2987 945 3029 Μ.
985 2983 1040 3031 126.
1064 3006 1096 3021 -
1117 2986 1184 3031 Unde
1197 2989 1243 3032 RS.

125 3053 184 3100 128.
210 3075 236 3084 -
254 3054 338 3110 poscit
355 3055 390 3096 M.
411 3060 435 3097 et
453 3054 529 3097 Ccdd.
547 3054 668 3107 nonnulli,
698 3056 739 3098 sed
759 3056 838 3099 nulius
857 3068 974 3099 meorum.
1022 3053 1080 3102 129.
1104 3081 1135 3093 -
1153 3055 1245 3116 ytlaceo

123 3122 188 3182 quod
210 3122 240 3164 ll.
303 3119 360 3166 130.
390 3133 421 3165 =
447 3121 533 3167 Arreti¹
554 3125 582 3166 F.
640 3120 698 3166 131.
719 3148 751 3157 —
771 3124 844 3168 abaci
862 3125 891 3171 F.
916 3147 944 3157 -
963 3124 1015 3170 Nec
1034 3125 1106 3184 ubyte'
1125 3141 1194 3171 nram.
1214 3127 1243 3170 ll.

95 3247 100 3257 ἱ
123 3195 149 3236 lb
182 3215 211 3224 -
232 3196 299 3235 secto
314 3193 417 3248 pulvere
436 3193 465 3235 Α.
483 3199 550 3236 -et
567 3191 637 3236 docto
656 3193 681 3234 in
696 3194 765 3248 pulo.
785 3195 814 3237 F.
855 3190 911 3241 133,
929 3218 955 3228 -
972 3196 1042 3239 vellet
1061 3197 1092 3239 V.
1132 3193 1190 3240 131.
1212 3221 1245 3230 -

122 3263 235 3306 culiorcn
254 3261 284 3304 Τ.

193 3330 316 3374 sartan.
338 3332 369 3374 ll.
410 3328 434 3373 2.
455 3355 487 3363 -
507 3336 613 3387 opponet
629 3331 658 3374 V.

128 3433 275 3444 ——-.

194 3489 252 3534 121.
272 3490 410 3534 Auriculam
430 3463 499 3534 caini
516 3488 589 3534 Mida
609 3506 658 3534 rex
676 3489 749 3535 dubet
774 3495 846 3546 rpW.
874 3507 901 3536 ea
922 3494 1029 3536 Suetonii
1051 3493 1099 3536 vita
1120 3494 1199 3537 Persii
1223 3500 1245 3536 et

121 3562 195 3604 Petro
225 3562 333 3604 blesensi
362 3561 385 3602 in
417 3561 463 3614 Ep.
482 3556 538 3604 ⁸69.
571 3574 593 3614 p.
624 3559 682 3604 718.
710 3562 733 3604 b.
787 3559 844 3605 126.
873 3560 940 3605 Unde
963 3562 992 3605 P.
1045 3559 1102 3604 128.
1120 3563 1204 3618 poscit
1222 3577 1243 3605 r.

124 3627 181 3674 129.
202 3629 281 3688 Seque
301 3644 312 3671 e
332 3628 414 3672 Codd.
428 3629 457 3671 P.

123 3732 272 3743 .—

194 3789 252 3835 119.
273 3804 320 3832 nec
345 3803 402 3832 cnm
420 3787 518 3846 scrobe]
545 3790 624 3833 Midae
642 3791 768 3834 historiam
787 3791 871 3847 tangit.
923 3788 980 3833 122.
1000 3789 1078 3834 Nullo
1105 3791 1151 3833 tibi
1168 3791 1244 3834 vendo

120 3859 211 3916 Iliade]
240 3859 293 3903 Non
320 3859 439 3921 tibilrllud
459 3860 526 3912 dem,
556 3859 576 3902 si
598 3859 655 3902 mibi
681 3860 757 3916 iliada
779 3860 916 3911 Labeonis,
943 3864 984 3901 aut
1007 3859 1112 3903 Neronis
1136 3861 1243 3926 Troipon

122 3931 210 3976 tradas.
247 3928 349 3981 Scripsit
367 3927 432 3972 Nero
451 3929 567 3986 Troicon.
606 3925 664 3972 133.
683 3927 799 3972 Numerio
815 3929 875 3971 dicta
895 3928 1028 3984 rneretri1;
1049 3929 1103 3985 quia
1121 3931 1182 3984 apud
1200 3928 1244 3974 ie-

121 4004 186 4043 teres
207 4013 220 4040 a
240 4012 301 4040 nona
321 3998 380 4040 hora
405 3999 558 4051 prostabant,
590 4013 620 4044 ne
646 4013 714 4042 inane
742 3999 831 4042 omissa
857 3998 1027 4044 exercitatione
1045 3999 1087 4041 illo
1106 3999 1168 4043 irent
1186 4002 1243 4042 udo-

121 4071 248 4113 lescentes.
583 4100 585 4105 .

122 4169 126 4172 .
190 4137 315 4180 surius.
337 4137 368 4178 ll.
410 4135 432 4179 1.
453 4137 590 4194 Alloquitur
608 4138 713 4181 Plotium
732 4138 880 4188 Macrinum,
907 4135 1027 4180 hominem
1047 4151 1104 4181 sans
1125 4137 1242 4180 eruditum

120 4212 144 4250 et
162 4211 261 4262 paterno
282 4218 308 4249 se
326 4206 412 4249 affeetu
434 4206 586 4264 diligentem,
616 4209 655 4264 qui
672 4212 695 4250 in
714 4209 785 4249 domo
804 4206 900 4250 Servilii
923 4206 1055 4261 didicerat,
1076 4220 1090 4249 a
1111 4220 1157 4264 quo
1179 4207 1243 4263 agel·

120 4277 169 4318 lum
188 4279 386 4329 comparaverat,
408 4276 497 4317 indulto
518 4276 563 4318 sibi
584 4277 661 4328 pretio
682 4277 812 4331 aliquanto.
