2782 4762
1224 192 1261 252 11

208 353 307 433 Quod
326 364 489 435 superest,
514 373 629 415 vacuas
644 350 748 415 aureis
767 349 865 426 mihi,
891 349 1082 428 Memmius,
1105 362 1137 415 et
1151 359 1199 424 te,
1224 349 1263 412 ts

145 456 308 520 Semotum
330 478 348 518 a
369 456 473 531 curis,
497 454 613 519 adhibe
633 475 742 518 veram
764 457 803 517 ad
825 452 1001 517 rationem:

143 560 195 621 Ne
217 581 285 622 mea
308 563 393 624 dona
414 558 476 623 tibi
497 557 605 623 studio
624 556 768 640 disposta
789 555 895 633 fideli,

142 661 309 724 Intellecta
331 660 429 745 prius
443 684 537 748 quain
560 660 638 736 sint,
663 671 847 742 contempta
867 658 1044 746 relinquas.

142 764 227 827 Nam
247 763 308 827 tibi
330 768 368 827 de
390 787 509 828 summa
531 764 612 829 caeli
632 762 758 828 ratione
780 766 937 847 deumque

142 865 312 930 Disserere
334 866 484 950 incipiam
507 879 539 931 et
556 889 663 931 rerum
686 865 865 949 primordia
886 868 1040 948 pandam3

143 971 235 1034 Unde
255 969 378 1034 omneis
397 983 510 1034 natura
530 980 618 1035 creet
639 991 709 1045 res,
732 981 837 1032 auctet
858 969 1001 1054 alatque;

142 1073 280 1157 Quoque
302 1077 410 1136 eadem
432 1096 558 1137 rursum
578 1085 691 1136 natura
710 1083 875 1155 perempta
895 1071 1057 1135 resolvat:

141 1175 233 1255 Quae
254 1197 315 1239 nos
336 1175 498 1240 materiem
521 1187 553 1240 et
573 1175 724 1262 genitalia
746 1196 890 1257 corpora
911 1163 1008 1238 relius

140 1279 317 1341 Reddunda
338 1277 371 1341 in
394 1277 519 1344 ratione
541 1301 661 1343 vocare
682 1290 714 1343 et
735 1278 855 1342 semina
876 1299 984 1340 rerum

139 1381 318 1464 Appellare
338 1386 465 1445 sue'mus
487 1385 618 1446 ethaeo
639 1385 748 1446 eadem
771 1402 927 1463 usurpare

140 1483 296 1567 Corpora
317 1483 439 1567 prima,
462 1488 552 1569 quod
573 1507 615 1548 ex
635 1483 700 1547 illis
722 1495 794 1548 sunt
816 1483 923 1548 omnia
945 1483 1070 1567 primis.

204 1587 333 1670 [Omnis
355 1588 437 1651 enim
459 1611 519 1671 per
541 1609 574 1651 se
597 1586 708 1651 divom
731 1599 846 1650 natura
868 1608 998 1652 necesse
1020 1598 1068 1651 est

139 1689 321 1753 Immortali
344 1713 425 1755 aevo
448 1713 568 1754 summa
591 1713 763 1774 cumpace
786 1691 930 1766 fruatur,

139 1795 270 1856 Sernota
293 1797 332 1857 ab
355 1793 475 1858 nostris
497 1797 594 1858 rebus
616 1793 821 1880 seiunctaque
843 1794 959 1879 longe;

138 1899 221 1959 Nam
243 1896 371 1980 privata
390 1898 505 1960 dolore
526 1897 630 1973 omni,
653 1897 780 1978 privata
801 1896 949 1978 periclis,

137 2001 213 2083 Ipsa
235 1999 299 2063 suis
319 2000 445 2083 pollens
468 1999 601 2082 opibus,
624 1998 705 2063 nihil
725 1998 834 2085 indiga
856 1997 979 2074 nostri,

137 2107 209 2167 Nec
232 2106 312 2166 bene
337 2101 523 2185 promeritis
547 2101 673 2185 capitur
697 2123 757 2166 nee
779 2101 925 2186 tangitur
945 2100 1024 2181 ira]

200 2209 348 2270 Humana
362 2217 443 2280 ¹ante
465 2205 579 2270 oculos
603 2205 699 2269 foede
721 2227 819 2289 quom
845 2205 911 2272 vita
933 2203 1054 2268 iaceret

136 2311 175 2373 In
197 2309 310 2385 terris,
335 2331 491 2392 oppressa
515 2306 610 2392 gravi
631 2311 689 2371 sub
713 2306 906 2392 Religione,

137 2414 227 2493 Quae
250 2424 346 2494 caput
367 2434 384 2473 a
408 2410 489 2474 caeli
515 2410 704 2496 regionibus
728 2414 932 2486 ostendebat,

135 2515 304 2580 Horribili
326 2537 422 2597 snper
444 2525 574 2597 aspectu
599 2514 787 2578 mortalibus
809 2514 948 2591 instans;

135 2620 279 2683 Primum
304 2618 421 2682 Graius
440 2619 539 2681 homo
563 2617 728 2681 mortaleis
749 2618 865 2682 tollere
889 2630 1002 2684 contra

135 2725 196 2785 Est
218 2721 332 2785 oculos
355 2743 448 2783 ausus
468 2719 654 2806 primusque
678 2720 836 2786 obsistere
856 2735 991 2787 eontra:

135 2826 239 2905 Quem
257 2846 360 2910 neque
382 2825 466 2887 sama
489 2827 581 2886 deilm
601 2846 661 2887 nec
681 2823 814 2887 fulmina
837 2847 896 2889 nec
920 2824 1076 2889 minitanti

135 2930 305 2990 Murmure
331 2927 521 3009 compressit
544 2928 682 3002 caelun1;
706 2931 824 2992 sedeo
848 2927 948 3012 magis
974 2950 1090 2992 acrem·

135 3032 249 3093 lrritit
271 3030 366 3093 animi
388 3030 556 3103 virtutem,
580 3030 754 3115 effringere
774 3043 808 3093 ut
825 3042 894 3096 arta

133 3188 203 3230 hante
223 3188 308 3229 Valrk.
328 3188 346 3230 l.
360 3187 383 3254 l.
403 3188 444 3230 sed
463 3187 532 3230 obliti
553 3193 621 3231 erant
639 3188 708 3231 ambo
728 3189 868 3232 imitationis
887 3188 1033 3234 Ovidiauae:
1054 3191 1115 3234 Met.
1133 3188 1180 3244 10,
1196 3189 1255 3237 558.

134 3259 207 3315 inque
223 3257 283 3300 sinu
295 3257 391 3300 iuvenis
400 3257 486 3313 posita
498 3259 605 3301 cervice.
644 3256 685 3302 38.
701 3259 820 3316 resupino
832 3257 862 3306 E.
877 3279 911 3290 -
921 3259 1057 3317 resupinae
1070 3261 1154 3304 lleins.
1170 3263 1255 3304 Valcl.

133 3352 166 3360 -
197 3326 313 3383 resupini
339 3327 398 3369 satis
425 3324 521 3371 firmant
549 3327 580 3372 G.
611 3327 640 3376 C.
687 3329 769 3385 Aeque
793 3328 855 3372 falsa
879 3334 916 3372 est
941 3331 1013 3373 Wak.
1039 3331 1145 3385 suspicio
1170 3332 1257 3384 (oris.)

134 3395 176 3440 42.
197 3409 275 3455 ogere
294 3392 350 3452 hoc]
371 3397 435 3450 „hoc
454 3410 531 3450 ipsum
543 3429 550 3451 ,
580 3399 642 3455 quod
662 3399 812 3454 suscepimus
831 3404 920 3443 attente
940 3404 963 3443 et
981 3401 1032 3443 sine
1051 3414 1108 3443 cura
1127 3414 1214 3458 agere,
1234 3402 1256 3444 in

132 3467 178 3509 hoc
197 3467 301 3509 studium
318 3465 485 3510 incumbere.”
508 3467 594 3512 Lamb.
651 3465 693 3513 45.
712 3467 881 3523 Memmiudn,
903 3475 926 3512 et
944 3475 967 3513 te
991 3470 1020 3513 L.
1042 3470 1071 3514 ll.
1092 3476 1175 3514 contra
1194 3471 1254 3514 cdd.

132 3537 217 3579 Placet
235 3533 385 3580 Wakefieldo
405 3537 476 3580 lectio
495 3537 556 3582 Cocl.
576 3533 608 3586 A.
630 3537 667 3594 (et
685 3536 727 3595 C.)
747 3559 781 3572 -·
799 3537 865 3597 qnod
882 3546 1013 3597 superest,
1034 3554 1144 3597 quaeso,
1162 3554 1256 3584 sacrans

132 3603 195 3648 milti
212 3604 349 3650 Memmius
367 3620 460 3660 eures,
481 3606 610 3652 Sernolirn.
650 3607 691 3654 52.
711 3623 805 3667 quoqne
824 3610 914 3653 Seneca
933 3610 979 3665 Ep.
1002 3608 1042 3654 95.
1064 3611 1107 3653 W.
1130 3632 1158 3641 -
1179 3623 1255 3668 quove

132 3677 208 3719 Codd.
223 3676 284 3720 Edd.
304 3678 409 3724 anteW.
449 3674 490 3721 56.
510 3679 562 3722 sint
580 3678 608 3721 C.
648 3677 689 3724 57.
711 3680 739 3723 lli
759 3693 801 3722 sex
819 3693 902 3722 versus
921 3680 950 3724 L.
971 3677 1001 3733 2,
1024 3677 1084 3724 645.
1106 3681 1159 3723 loco
1177 3682 1255 3739 inagis

132 3752 187 3800 apto
205 3751 350 3800 recurrunt,
377 3753 401 3792 et
420 3747 443 3791 h.
465 3749 481 3790 l.
502 3764 515 3790 a
534 3748 676 3806 quibusdum
696 3749 765 3792 libris
785 3752 870 3794 abesse
889 3752 1016 3806 dicuutur;
1043 3752 1065 3793 iu
1085 3750 1152 3794 Gotl.
1173 3750 1202 3794 C.
1221 3751 1253 3795 E.

132 3816 192 3859 eud.
213 3822 270 3860 vett.
291 3818 430 3862 inseruntur
454 3824 508 3872 post
525 3833 548 3866 v.
571 3815 631 3874 ΗΜ
652 3819 696 3863 huc
715 3821 841 3863 collocavit
859 3823 903 3864 Ar.
942 3819 982 3865 65.
1003 3819 1149 3865 obtendebat
1168 3822 1210 3866 W.
1230 3823 1254 3865 iu

131 3891 259 3939 contextu,
288 3891 371 3931 contra
396 3888 471 3931 Codd.
499 3893 522 3932 et
549 3888 611 3931 Edd.
640 3903 733 3933 omnes.
791 3887 832 3934 ⁶7.
861 3889 962 3935 tondere
981 3890 1088 3946 Nouius,
1120 3897 1203 3935 eontra
1222 3891 1253 3935 G.

132 3954 173 4003 ol.
185 3952 256 4014 sunu
273 3958 353 4002 Bentl.
367 3959 431 4002 coni.
447 3959 515 4006 aW.
537 3964 643 4013 recepta.
667 3981 695 3990 -
716 3955 807 4017 „sarno
819 3958 893 4004 deum
907 3965 943 4004 est
955 3960 1018 4003 fama
1031 3963 1058 4005 de
1078 3963 1139 4016 diis,
1160 3962 1254 4004 fabulas

130 4028 158 4070 ‹le
179 4028 214 4070 ira
234 4041 319 4072 eorum
338 4033 361 4072 el
373 4030 401 4073 de
414 4030 513 4083 poenis,
534 4029 618 4086 quibus
631 4034 809 4084 contemptores
822 4044 879 4074 suos
892 4028 1024 4074 afficiant.''
1043 4032 1119 4076 Foru.
1160 4029 1201 4075 71.
1216 4032 1255 4074 Sic

130 4096 193 4143 Nou.
214 4098 295 4142 Prisc.
315 4095 350 4155 (v.
364 4098 452 4153 rom.)
472 4099 516 4142 Cd.
536 4099 568 4146 Σ.
581 4100 623 4142 W.
638 4099 731 4144 Eichst.
752 4124 785 4133 —
803 4099 915 4144 irritans
934 4098 1015 4144 enimi
1033 4103 1149 4145 virtutem
1167 4097 1254 4161 effrin-

128 4180 191 4225 gere
202 4168 231 4211 C.
253 4192 284 4201 -
304 4167 398 4213 Inrita!
415 4168 496 4212 enimi
508 4169 595 4214 virtute
608 4167 772 4230 confringere
785 4170 818 4214 G.
831 4171 923 4224 etalii,
945 4171 990 4215 nisi
1003 4173 1066 4228 quotl
1080 4170 1207 4215 virtutem.
1221 4193 1254 4203 -

128 4237 235 4281 irritant
244 4238 359 4282 virtutem
369 4239 449 4283 animi
461 4235 544 4297 confr.
556 4240 585 4284 Ε.
601 4261 632 4270 --
645 4239 735 4284 Irrilat
747 4241 861 4284 virtutem
874 4241 954 4284 enimi
964 4237 1047 4299 confr.
1056 4240 1117 4284 Edd.
1127 4245 1196 4292 vett„
1209 4252 1253 4297 ego

130 4308 152 4350 in
161 4307 207 4351 Ed.
218 4323 253 4362 pr.
263 4310 291 4354 F.
305 4308 377 4354 Omni
388 4310 528 4355 auctoritate
536 4316 600 4354 reret
609 4311 637 4355 L.
648 4316 670 4355 et
679 4312 708 4358 ll.
718 4311 838 4367 scriptura
846 4308 969 4356 Virtutem
975 4305 1065 4355 irritrit
1072 4310 1160 4362 animi,
1169 4306 1253 4367 confr.
