2782 4762
89 336 274 418 Hesperus:
301 330 448 396 adveniet
469 329 576 395 lausto
598 352 669 395 cnm
692 327 796 393 sidere
816 324 954 403 coniux,

91 439 181 519 Quae
203 435 263 499 tibi
283 434 455 499 flexanimo
478 445 613 498 mentem
635 433 808 516 perfundat
828 451 940 495 artiore

91 538 380 624 Languidulosque
400 549 493 620 paret
514 549 619 600 tecum
643 535 841 619 coniungere
861 554 993 598 somnos

92 642 197 706 Levia
215 644 419 704 substernens
434 643 571 704 robusto
595 639 729 702 brachia
753 638 853 702 collo.

91 745 226 809 Currite
248 747 398 808 ducentes
416 741 610 817 subtemina,
634 741 772 818 currite,
794 740 872 804 fusi.

154 848 253 912 Nulla
274 851 386 911 domus
408 846 481 910 talis
497 867 632 930 unquam
657 843 803 909 contexit
825 864 973 908 amores:

92 952 209 1016 Nullus
232 973 324 1014 amor
345 949 402 1013 tali
424 948 591 1013 coniunxit
612 949 744 1012 foedere
768 946 920 1023 amantis,

93 1054 205 1135 Qualis
228 1057 316 1116 adest
338 1052 488 1127 Thetidi,
512 1049 616 1137 qualis
634 1050 809 1116 concordia
831 1049 947 1114 Peleo.

93 1157 224 1222 Currite
247 1160 397 1219 ducentes
420 1154 614 1231 subtemina,
636 1153 772 1228 currite,
795 1152 872 1216 susi.
936 1196 939 1201 -

156 1261 315 1323 Nascetur
340 1258 434 1322 vobis
456 1280 572 1339 expers
595 1255 732 1321 terroris
748 1255 912 1330 Achilles,

93 1360 251 1426 Hostibus
274 1363 360 1423 haud
381 1373 494 1444 terg0,
518 1364 574 1424 sed
593 1358 674 1424 forti
693 1369 828 1441 pectore
850 1369 967 1423 notus:

93 1464 157 1545 Qui
180 1486 336 1546 persaepe
360 1486 446 1548 vago
469 1462 578 1526 victor
601 1461 772 1525 certamine
794 1483 905 1525 cursus

91 1567 255 1631 Flammea
276 1577 465 1649 praevortet
486 1565 601 1630 celeris
625 1564 763 1648 vestigia
785 1586 914 1628 cervae.
964 1604 973 1623 .-

93 1669 227 1735 Currite
250 1673 400 1733 ducentes
420 1667 616 1742 subtemina,
640 1666 775 1741 currite,
799 1666 875 1730 fusi.

155 1775 233 1836 Non
251 1771 300 1834 illi
318 1770 486 1856 quisquam
507 1770 595 1834 bello
619 1791 652 1832 se
674 1770 821 1832 conseret
842 1771 958 1846 heros,

93 1876 200 1956 Quom
218 1873 359 1958 Phrygii
380 1877 510 1936 Teucro
531 1875 702 1935 manabunt
721 1871 874 1956 sanguine
894 1870 979 1948 rivi,

93 1978 282 2062 Troicaque
305 1970 456 2041 obsidens
477 1975 659 2060 longinquo
680 1974 806 2038 moenia
826 1975 913 2040 bello

93 2080 224 2144 Periuri
243 2078 377 2161 Pelopis
399 2079 537 2141 vastabit
559 2077 672 2141 tertius
694 2080 800 2141 heres.

92 2183 224 2249 Currite
248 2187 397 2246 ducentes
420 2179 613 2256 subtemina,
638 2180 775 2257 currite,
799 2181 875 2246 fusi.

155 2287 248 2349 Illius
269 2285 419 2370 egregias
440 2283 575 2348 virtutes
598 2284 748 2368 claraque
766 2284 853 2347 facta

91 2391 194 2473 Saepe
217 2389 401 2452 fatebuntur
425 2399 594 2472 gnatorum
616 2386 649 2450 in
667 2386 780 2451 funere
800 2400 936 2453 matres:

93 2673 144 2713 tota
159 2668 315 2728 Macedonia,
335 2668 438 2727 itemque
457 2683 501 2724 pro
520 2669 646 2713 Thessalia
666 2666 771 2723 ponitur.
792 2681 815 2712 r.
831 2669 905 2712 Voss.
920 2669 949 2713 ed
962 2667 1029 2726 virg.
1048 2667 1093 2713 Ge.
1109 2666 1138 2724 l,
1154 2666 1212 2718 ³27.

92 2751 178 2783 cereos
188 2739 264 2783 Codd.
278 2739 378 2794 aliquot.
390 2740 444 2783 binc
455 2741 528 2786 Voss.
543 2741 605 2784 coni.
626 2752 721 2783 serves.
741 2737 846 2782 Sedens
858 2751 919 2796 quos
932 2737 999 2782 Subl.
1018 2739 1115 2783 Astius:
1137 2753 1213 2793 „cou-

92 2814 200 2854 struunt:
221 2807 267 2852 ced
284 2821 340 2861 ros,
354 2806 429 2866 suri,
450 2810 546 2852 currite
557 2806 633 2866 futu,
654 2823 717 2868 quoe
736 2813 888 2867 sequuntur,
909 2808 1050 2851 subtemina
1068 2807 1213 2857 ducentee.'’

63 2902 64 2907 =
92 2879 199 2934 lneptain
217 2879 277 2922 banc
296 2880 416 2922 rationem
434 2880 521 2922 merito
539 2881 666 2932 reiiciens,
687 2880 809 2932 reposuit:
832 2876 976 2922 Veridicum
990 2879 1138 2932 oraculum,
1158 2892 1212 2923 eer-

90 2962 153 2992 euna
176 2962 239 3006 prece
256 2943 318 3005 futu
343 2954 489 3005 sequuntur.
517 2945 614 2992 Currite
641 2973 674 2982 -
698 2950 740 2992 sed
759 2949 803 2991 hoc
823 2949 894 2992 nimis
912 2948 995 3008 friget.
1028 2949 1115 3007 Quidni
1133 2950 1213 3004 potins

92 3022 233 3063 construas:
255 3017 301 3062 sed
317 3031 358 3062 eos
370 3014 431 3074 susi
446 3019 541 3061 currite
559 3017 677 3062 ducentes
695 3018 852 3071 subtemina,
872 3033 935 3077 quue
954 3018 1055 3074 (accus.)
1073 3024 1214 3077 sequuntur

82 3084 147 3147 futu
165 3085 277 3142 (nom.)?
326 3085 384 3130 332.
401 3088 474 3150 flexo
493 3089 577 3131 animo
595 3091 685 3131 mentis
704 3089 759 3131 Ald.
783 3087 859 3132 Codd.
882 3090 945 3133 Stat.
968 3110 996 3127 v-
1018 3087 1087 3148 Quue
1105 3095 1128 3132 te
1142 3087 1213 3151 flet·
1298 3140 1302 3147 ,

91 3171 178 3202 animo
194 3158 286 3203 mentis
302 3157 376 3202 Lech.
397 3172 464 3212 susp.
497 3159 548 3216 Ego
565 3158 621 3201 nibil
638 3157 785 3203 difficultatis
802 3160 869 3202 video
885 3159 908 3202 in
925 3159 990 3217 vulg.
1010 3160 1045 3202 sic
1061 3164 1211 3204 constructa:

91 3241 154 3286 qnae
172 3233 279 3271 ruentem
295 3227 342 3273 titt
356 3225 495 3284 perfundet
513 3242 597 3272 umore
611 3227 771 3290 flexerint&
795 3228 868 3272 immo
887 3229 944 3272 mihi
963 3230 1040 3287 iringis
1060 3232 1155 3283 poetam
1174 3230 1214 3272 de·

92 3311 147 3342 cere
166 3297 273 3351 videtur,
304 3311 375 3354 quam
393 3299 491 3341 anbm.
514 3298 629 3353 suspicio.
684 3296 744 3342 336.
770 3297 821 3341 Pro
845 3299 957 3343 contexit
980 3299 1145 3343 Lachmannns
1164 3299 1215 3342 vult

92 3367 231 3421 connexit,
251 3367 354 3421 invitus,
388 3369 531 3422 nt‘opiuor,
563 3368 587 3411 in
606 3370 776 3412 soloecismum
794 3369 909 3412 incidens.
929 3369 1007 3414 Latini
1031 3370 1085 3412 scil.
1106 3369 1215 3412 dicebant

92 3437 239 3482 connexuit.
268 3438 369 3480 Videtur
387 3437 450 3480 idem
468 3450 491 3480 u.
509 3439 622 3482 conterit
639 3439 736 3482 duxisse
755 3453 768 3480 a
787 3438 860 3482 verbo
880 3444 1029 3492 contexere,
1050 3439 1151 3494 ideoque
1170 3451 1213 3492 pro

92 3512 207 3561 corrupto
227 3506 355 3561 habuisse3
376 3520 448 3563 quum
466 3508 497 3551 sit
510 3522 523 3549 a
537 3521 560 3550 v.
575 3513 715 3567 contegere.
753 3509 831 3552 Dnbiu
844 3509 966 3551 estetiam
977 3507 1125 3552 Schwenclsii
1139 3508 1214 3551 inter-

91 3577 212 3632 pretatio:
240 3575 289 3621 Nic
313 3575 357 3621 tur
379 3576 471 3636 irgend
494 3577 536 3620 ein
553 3575 625 3620 Huua
643 3592 671 3621 so
689 3575 815 3621 lierrliclre
834 3577 908 3621 Liebe
927 3577 1080 3631 vermiiltlet,
1111 3591 1154 3632 pro
1173 3576 1213 3619 be-

91 3644 226 3706 lserbergt,
244 3646 374 3690 umwiilbet
391 3649 427 3690 vel
447 3647 526 3691 simile
546 3648 610 3703 quid.
654 3644 791 3692 336-340.
812 3649 904 3692 Desunt
919 3648 942 3691 iu
960 3649 1037 3693 Codd.
1054 3647 1174 3691 nonnullis
1191 3651 1215 3691 et

92 3716 187 3772 Ed.pr.
209 3717 310 3772 Spurius
323 3722 403 3760 censet
413 3719 475 3760 Scal.
515 3714 574 3761 346.
594 3718 645 3760 Pro
662 3718 711 3760 riri
725 3719 967 3772 codexStat.tenen,·
986 3719 1032 3763 dno
1043 3719 1114 3763 item:
1135 3716 1214 3777 Quom

91 3783 203 3847 Phrygii
221 3793 305 3830 tenero
324 3786 460 3830 manebunt
478 3788 604 3845 sunguine
624 3786 727 3830 Teucri.
765 3788 811 3831 Sed
826 3788 850 3830 in
864 3789 928 3832 coni.
945 3789 999 3832 inde
1017 3789 1139 3834 eliciendis
1155 3801 1213 3842 ope·

93 3870 147 3899 rain
162 3857 331 3910 perdiderunt:
357 3870 381 3904 v.
404 3871 426 3900 c.
446 3858 656 3914 tenero-cumpi,
683 3855 894 3910 Testem-murt,
921 3858 1019 3912 trunci,
1040 3856 1212 3915 tepidi-riri,

92 3923 243 3985 Pbrygiae·
257 3931 355 3979 terrae,
376 3940 446 3982 quam
461 3926 531 3970 Astio
548 3927 660 3981 probavit
675 3928 776 3971 imitatio
789 3927 859 3984 Virg.
878 3928 901 3971 in
918 3927 999 3972 Culice
1016 3925 1075 3973 305.
1104 3927 1214 3972 Teucria

92 4009 165 4054 quom
184 4009 277 4055 magno
295 4002 411 4041 munci-et
430 3997 557 4055 sunguine
575 3998 659 4044 tellus.
681 4020 714 4030 —
733 3996 811 4057 (luem
829 3995 941 4057 Phrygii
959 3997 1058 4043 Teucro
1077 3999 1216 4052 manabunt

92 4066 219 4125 sanguine
238 4066 322 4121 rumpi
341 4067 395 4109 Sill.
427 4064 516 4109 Omisit
530 4080 554 4110 v.
572 4066 670 4111 dubium
681 4067 781 4111 Lachm.
810 4067 871 4110 Mihi
893 4082 947 4111 enin
962 4082 984 4114 u.
1003 4082 1108 4112 munere
1130 4069 1214 4113 etiam·

91 4149 155 4180 nnnc
173 4136 259 4179 melius
279 4136 343 4179 coire
363 4137 455 4179 videtur
474 4136 532 4179 rivi.
589 4134 648 4182 352.
669 4138 704 4180 ltu
722 4138 777 4181 Ald.
798 4134 822 4180 1.
840 4138 916 4182 Doer.
944 4162 976 4172 -
1003 4153 1059 4183 cum
1077 4138 1105 4181 in
1123 4139 1214 4183 civium

91 4219 171 4251 canor
192 4227 221 4238 -
241 4219 297 4248 cum
316 4206 447 4249 incurvum
465 4219 542 4250 cunoe
562 4206 637 4253 Codd.
652 4221 691 4264 ap.
703 4208 763 4253 Stat.
784 4231 816 4241 -
835 4205 914 4268 Quom
929 4206 1015 4254 cincre
1031 4209 1212 4254 incunosScal.

92 4296 125 4312 -
144 4290 203 4321 cum
221 4276 327 4322 tremulo
345 4276 451 4322 incunos
470 4276 525 4322 nid.
540 4273 579 4320 2..
