2782 4762
118 305 122 314 ⁴
178 325 217 387 In
240 343 307 386 mea
329 320 449 385 sortital'
464 320 582 382 iudicet
604 339 675 382 ossa
695 316 773 400 pila.

114 424 285 490 Assideant
309 424 445 497 fratres,
470 421 559 484 iuxta
584 418 711 482 Minoia
734 417 829 492 sella,

177 525 388 591 Eumenidum
411 523 534 586 intento
556 523 648 585 turha
668 540 779 582 severa
802 521 891 582 soro.

108 608 266 710 Sisyphe,
291 627 375 690 mole
397 645 512 699 vaces,
537 633 662 686 taceant
683 619 808 684 Ixionis
830 621 946 696 orbes,

162 727 291 793 'Fallax
313 729 470 791 Tantaleo
493 725 671 806 corripiare
694 723 814 805 liquor.
841 737 844 741 ’

116 831 279 896 Cerberus
299 840 330 892 et
353 830 453 891 nullas
479 826 575 889 hodie
596 836 684 907 petat
707 824 873 906 improbus
897 827 1045 898 umbras,
1192 823 1232 883 25

179 933 224 994 Et
245 932 345 993 iaceat
366 929 462 992 tacita
481 928 572 1009 lapsa
592 938 701 1015 catena
722 944 806 988 sera.
847 939 849 943 ’

113 1034 189 1116 Ipsa
210 1033 328 1115 loquar
350 1050 411 1113 pro
436 1050 498 1091 me.
544 1027 578 1092 Si
599 1027 694 1103 fallo,
715 1048 824 1109 poena
850 1047 1021 1103 sororum,

174 1133 293 1205 Infelix
313 1134 464 1194 humeros
486 1141 599 1213 urgeat
619 1150 698 1192 urna
723 1150 823 1193 meos.

114 1235 147 1297 Si
170 1236 221 1298 cui
242 1236 326 1298 fama
349 1233 410 1296 fuit
431 1253 490 1314 per
511 1230 594 1294 auita
622 1243 754 1312 tropaea
776 1229 902 1306 decori,
959 1264 963 1273 ‹

175 1337 259 1400 Afra
279 1333 493 1397 Numantinos
515 1353 617 1415 regna
637 1333 814 1415 loquuntur
837 1351 935 1406 avos;

111 1439 226 1502 Altera
249 1448 409 1498 maternos
432 1423 590 1518 exaequet
612 1435 706 1496 turba
731 1433 877 1496 Libones

175 1540 220 1601 Et
243 1541 354 1601 domus
376 1544 424 1598 est
446 1535 545 1598 titulis
565 1530 701 1617 utraque
722 1534 803 1596 fulta
827 1534 904 1596 suis.
994 1576 997 1582 ,

112 1641 218 1716 Mox,
243 1637 298 1700 ubi
318 1636 524 1702 iamlacibus
546 1635 641 1698 cessit
664 1647 830 1717 praetexta
855 1634 991 1710 maritis,
1065 1628 1075 1643 '

175 1738 292 1804 Vinxit
314 1752 345 1801 et
369 1749 518 1818 acceptas
541 1738 639 1800 altera
660 1736 738 1799 vitta
762 1737 893 1811 coma‘s,

108 1954 178 2018 pilai)
197 1960 284 2003 sortito
303 1957 427 2014 quaesitor
451 1956 510 1999 mihi
538 1956 666 2015 obtigerit,
696 1958 716 2000 is
736 1953 846 2011 apposite
866 1951 924 2000 urna
942 1968 964 1999 s.
985 1956 1079 2008 sitella,
1111 1958 1134 2001 in
1162 1971 1232 2014 quam

90 2072 93 2076 ,
110 2030 233 2072 mittantur
254 2027 358 2071 iudicum
377 2029 514 2068 ceterorum
533 2024 649 2079 tabellae,
680 2026 759 2082 utique
778 2027 867 2068 iudicet
881 2025 908 2067 in
926 2037 981 2067 anea
999 2038 1073 2079 ossa,
1093 2027 1187 2081 poetica
1205 2027 1230 2070 h.

110 2099 129 2140 l.
156 2097 333 2140 constructione
365 2103 397 2136 =
427 2093 455 2135 de
485 2093 581 2138 ossibus
602 2096 679 2146 meis,
709 2095 794 2138 deme
818 2097 922 2136 mortua.
958 2091 1096 2138 Assideant
1106 2091 1230 2152 fruta-es,

110 2165 303 2213 Rhadamanthus
331 2162 385 2206 scil.
405 2165 428 2205 et
449 2161 549 2217 Minos,
581 2176 652 2219 quem
671 2164 780 2206 consulto
801 2161 951 2206 manifestius
970 2163 1079 2221 designat
1096 2176 1134 2208 vv.
1162 2176 1229 2221 seqq.

110 2234 185 2277 iuxta
204 2233 259 2292 (sit)
277 2225 376 2276 Minoia
404 2230 482 2284 sella,
516 2235 539 2273 et
557 2244 619 2274 novo
638 2225 804 2295 ἀσυνδέτῳ,
834 2244 880 2274 nou
899 2231 951 2274 siue
972 2236 1024 2276 arte
1045 2233 1068 2275 in
1083 2233 1231 2291 gravissimo

110 2302 156 2344 hoc
174 2306 284 2356 poemate
306 2299 448 2354 observatu
474 2299 610 2352 proximam
633 2313 748 2342 coronam
765 2300 839 2343 veluti
861 2300 997 2343 auditorum
1021 2302 1167 2345 constituant
1183 2301 1233 2345 Eu·

109 2370 235 2426 merides,
255 2373 279 2414 in
299 2380 357 2425 quas
376 2367 492 2411 intentum
513 2367 546 2410 sit
568 2373 644 2411 totum
662 2368 757 2420 forum,
778 2369 795 2412 i.
814 2382 836 2412 e.
856 2369 1004 2425 reliquarum
1018 2369 1157 2414 umbrarum
1171 2371 1233 2414 mul·

108 2439 194 2483 titudo.
239 2439 292 2483 Cir.
312 2437 385 2480 etiam
404 2437 519 2479 Senecam
534 2435 607 2482 llere.
627 2438 675 2481 ior.
697 2434 721 2490 3,
744 2432 802 2481 731.
845 2434 902 2480 Non
920 2450 986 2481 unus
1003 2443 1061 2481 actu
1080 2438 1140 2482 sede
1156 2451 1231 2496 quae·

109 2507 174 2551 sitos·
192 2506 284 2550 sedens
302 2503 402 2548 Iudicia
419 2502 526 2559 trepidis
544 2517 604 2547 sera
622 2506 728 2548 sortitur
745 2505 808 2548 reis.
844 2503 935 2550 Aditur
953 2505 997 2548 illo
1016 2504 1128 2550 Gnosius
1144 2505 1232 2559 Minos

101 2571 186 2633 soro;
220 2570 427 2620 Rhadamanthus
454 2573 498 2615 illo
508 2584 519 2625 ,·
550 2571 665 2616 Thetidis
683 2571 729 2616 hor
747 2572 818 2616 audit
835 2586 917 2617 socer.
954 2575 1080 2632 Magistris
1104 2573 1231 2620 indicanda

109 2648 146 2688 est
166 2645 294 2699 praecipua
316 2643 372 2686 leet.
388 2641 512 2685 varietas:
531 2639 558 2684 Is
577 2654 632 2684 mea
650 2637 742 2685 sortitti
759 2640 867 2685 uindicet
883 2653 944 2685 ossa
959 2639 1024 2697 pild.
1062 2643 1155 2697 (Heius
1176 2645 1230 2688 scil.

110 2711 146 2755 Is.
167 2711 228 2756 Gdd.
246 2713 303 2768 aliq.
323 2707 455 2763 uindicat.)
474 2733 507 2743 -
525 2708 646 2755 Assideat
655 2706 744 2767 frater
763 2709 979 2765 (Rhadamanthus)
998 2711 1073 2754 iunia
1092 2717 1116 2755 et
1132 2710 1231 2756 Minoia

109 2780 174 2823 setta
192 2781 289 2824 Sauten.
310 2802 343 2812 -
362 2777 499 2822 Asaideant
509 2774 628 2834 fratres,
658 2778 734 2822 iuxta
752 2776 851 2821 Minoia
868 2778 947 2832 sella,
974 2783 998 2822 et
1008 2779 1121 2834 Paccius,
1140 2782 1229 2838 Vulgo.

108 2846 247 2893 Assidennt
260 2845 364 2906 fratres
391 2847 459 2890 iusta
478 2845 608 2890 minonida
633 2847 724 2890 sellam
744 2845 805 2890 Cod.
832 2846 951 2905 Groning.
970 2848 988 2891 i.
1015 2862 1038 2891 e.
1057 2844 1133 2906 A.f.
1156 2849 1231 2892 iuxta

107 2914 225 2960 Minoida
249 2918 348 2960 sellam.
369 2936 399 2950 -
417 2913 538 2959 Assideat
547 2912 651 2973 fratres
669 2916 744 2958 iuxta
766 2921 791 2959 ct
811 2912 926 2959 Minoida
947 2917 1037 2959 sellam
1061 2914 1230 2961 Eumenidum

110 3011 120 3020 -
139 3009 148 3020 ·
167 2985 241 3028 turba
258 2999 303 3043 ego
317 2985 465 3041 aliquando,
497 2997 550 3027 cum
571 2983 670 3027 Lachm.
689 2984 736 3027 Ed.
762 2996 790 3037 pr
809 3014 816 3037 ,
837 2984 876 3040 qui
898 2989 987 3033 tamen„
999 2985 1133 3029 retinuerat
1156 2985 1231 3030 Assi-

107 3052 192 3098 deant.
211 3054 284 3097 Iacob
302 3044 403 3108 denique
423 3053 566 3106 proposuit:
588 3050 618 3095 Ut
641 3065 696 3095 msa
715 3052 805 3095 sortita
823 3051 931 3096 uindicet
947 3066 1008 3098 ossa
1025 3054 1096 3109 pila,
1123 3053 1230 3098 Asside·

107 3127 153 3166 ant
162 3118 285 3181 fraires,
302 3122 388 3165 'iuxta
405 3117 522 3164 Minoida
543 3121 633 3164 sellam
646 3119 813 3165 Eumenidum
828 3123 893 3168 eet.'’
911 3123 944 3165 ita
960 3127 985 3166 ut
999 3123 1158 3167 Eumenidum
1181 3128 1229 3167 tur-

108 3191 153 3245 ba,
181 3192 267 3235 sortito
291 3192 354 3235 inter
375 3191 465 3233 iudices
495 3190 598 3233 selectos
620 3190 727 3243 adscita,
756 3190 872 3245 vindicet,
898 3191 1009 3235 absolvat
1025 3205 1062 3235 ute
1084 3193 1230 3236 mortuaan.’'

107 3260 174 3316 Quae
191 3265 270 3304 tamen
287 3260 349 3303 ratio
364 3261 450 3302 multas
463 3262 561 3312 propter
581 3257 688 3302 rationes
700 3261 863 3314 postponenda
876 3260 969 3303 videtur
987 3265 1106 3317 nostrae3
1126 3261 1229 3305 maxime

108 3329 165 3385 quia
185 3329 330 3373 Eumenides
347 3328 413 3371 nullo
438 3327 508 3370 trrodo
531 3327 554 3370 in
571 3318 681 3372 iudicum
697 3342 823 3371 numerum
840 3328 929 3372 referri
947 3333 1057 3384 possunt.
1113 3326 1155 3374 23.
1175 3342 1230 3373 ces·

107 3402 164 3441 sent
180 3411 225 3452 pro
241 3402 341 3441 taceant
358 3396 476 3449 Porcius,
509 3409 538 3440 ex
556 3396 681 3440 manifesta
703 3398 898 3450 interpolatione.
961 3395 1004 3441 24.
1025 3396 1148 3441 Tantaleo
1170 3411 1230 3442 aor-

107 3467 191 3523 ripere
209 3479 253 3510 ore
270 3467 353 3524 liquor
370 3468 454 3508 Attrat.
476 3465 559 3509 Heius.
581 3485 615 3496 -
639 3465 773 3510 Tantalide
792 3467 829 3510 vel
850 3464 1002 3510 Tantalidae
1027 3465 1140 3510 Passovii
1160 3479 1227 3521 susp.

107 3559 140 3568 -
172 3534 324 3579 Tantalidae
348 3534 440 3588 recepit
470 3534 551 3578 Iacob.
581 3531 622 3580 27.
653 3535 743 3593 loquar·
771 3549 783 3578 e
818 3535 879 3577 Cdd.
906 3535 954 3578 lac.
979 3531 1026 3578 L2.
1058 3548 1102 3588 pro
1130 3535 1228 3592 loquor.
1280 3574 1287 3587 ,

108 3601 150 3650 30.
178 3601 244 3662 Afra
273 3609 309 3650 est
341 3604 406 3646 Scal.
432 3602 495 3646 coni.
525 3602 593 3646 Libri
620 3602 697 3658 Atra,
728 3603 809 3656 Aera,
840 3601 919 3655 Vera,
952 3605 1011 3647 unde
1039 3602 1105 3658 Lips.
1136 3601 1228 3647 Versa.

108 3669 150 3715 31.
170 3674 272 3725 „Altera
296 3672 379 3725 turha,
413 3676 546 3715 maternum
565 3685 639 3730 genus
663 3677 779 3729 exaequat
797 3672 902 3727 Libones
920 3670 1046 3725 Aemiliis,
1074 3671 1162 3716 seriem
1187 3671 1229 3715 Li·

106 3741 196 3785 bonutn
216 3741 325 3785 Aemiliis
350 3741 581 3797 aequiparandorum
604 3740 731 3796 exhibet;’'
750 3742 774 3784 in
797 3755 843 3797 quo
865 3741 975 3797 equidem
991 3741 1049 3785 nihil
1069 3741 1122 3785 duri
1138 3741 1227 3794 video,
1272 3747 1276 3751 '

106 3809 251 3863 praesertim
274 3811 336 3865 apud
355 3810 431 3863 Prop.
457 3809 529 3852 laceb
557 3821 642 3862 susp:
667 3808 754 3853 Altera
771 3816 885 3854 materno
905 3822 932 3853 se
950 3816 1076 3867 exaequat
1091 3808 1165 3854 turba
1185 3809 1228 3854 Li-

106 3879 168 3921 bons
195 3879 257 3935 quod
283 3881 377 3934 ipsum,
415 3878 435 3920 si
460 3877 535 3931 Prop.
567 3879 721 3932 scripsisset,
753 3879 856 3922 meliore
889 3878 993 3922 fortasse
1018 3879 1071 3922 iure
1101 3879 1229 3932 „durum”

105 3947 244 3992 baberetur.
302 3945 343 3992 3¹4.
364 3948 443 4004 Vulgo
457 3959 579 4003 aspersas
600 3960 629 3989 ex
644 3949 746 4005 eleganti
764 3948 838 3992 Pucc.
854 3949 947 3991 emend.
983 3945 1073 3990 Facem
1091 3947 1228 4004 innuptiis

105 4016 133 4059 in
150 4014 269 4060 bonorem
289 4013 388 4060 Cereris
403 4012 585 4073 proferebant,
615 4031 726 4075 aquaque
747 4015 946 4076 adspergebatur
966 4028 1029 4060 noua
1050 4021 1142 4073 nupta,
1175 4017 1228 4060 sice

106 4091 132 4128 nt
150 4092 222 4130 easta
240 4100 355 4144 petraque
379 4083 414 4127 ad
438 4084 519 4128 cirum
539 4085 647 4140 ueniret,
680 4086 732 4129 siue
752 4091 778 4131 ut
797 4099 888 4144 aquam
904 4091 976 4145 utque
994 4088 1081 4146 ignem
1101 4097 1157 4129 aum
1175 4087 1228 4130 uino

104 4156 312 4203 communicaret.
362 4155 451 4198 Festus
473 4155 497 4198 in
524 4152 623 4203 Facem.
649 4153 773 4212 acceptas
792 4157 897 4211 explica,
927 4168 1009 4212 „quos
1030 4157 1089 4200 vitta
1114 4155 1225 4209 accepit,

104 4223 204 4266 cinxit.''
