2782 4762
179 211 218 276 82

178 371 250 434 Nec
271 368 372 430 minus
388 387 456 430 esse
477 363 562 428 dorni
584 362 757 449 quoiquam
778 373 882 426 tamen
904 358 997 422 anxia
1020 358 1112 421 cordi

179 476 287 557 Atque
310 469 405 533 animi
426 467 562 552 ingratis
584 467 683 530 vitani
704 487 823 529 vexare
846 461 1002 549 querelis,

181 575 351 648 Caussam,
374 595 453 658 quae
477 570 602 635 infestis
622 568 712 654 cogit
735 567 858 632 saevire
878 565 1037 652 querelis,

181 662 343 761 Intellegit
362 675 429 739 ibi:
454 673 567 738 vitium
589 695 645 735 vas
668 674 793 736 efficere
814 671 917 752 ipsum

88 818 90 821 ·
179 780 358 864 Omniaque
380 778 465 842 illius
486 777 566 841 vitio
587 773 791 858 corrumpier
812 774 915 847 intus,

180 886 270 965 Quae
293 882 410 947 collata
429 880 515 945 soris
535 891 566 943 et
590 881 760 943 commoda
782 897 945 962 quomque
968 873 1135 938 venirent:

179 986 321 1060 Partim,
346 987 434 1070 quod
454 983 574 1046 fluxum
596 993 824 1065 pertusumque
850 1000 918 1042 esse
946 977 1088 1053 videbat,

181 1093 226 1154 Ut
247 1089 333 1151 nulla
355 1099 466 1170 posset
485 1085 610 1149 ratione
634 1083 795 1168 explerier
814 1105 969 1167 unquam3

181 1190 326 1266 Partim,
350 1193 439 1274 quod
459 1199 545 1252 tetro
569 1187 659 1273 quasi
682 1208 900 1268 conspurcare
922 1207 1038 1268 sapore

182 1295 297 1359 Omnia
317 1295 480 1367 cernebat,
505 1312 749 1376 quaequomque
772 1300 940 1370 receperat
959 1289 1055 1354 intus.

180 1395 346 1461 Veridicis
366 1395 467 1478 igitur
485 1393 638 1476 purgavit
660 1405 795 1476 pectora
818 1392 912 1455 dictis

182 1502 225 1563 Et
243 1503 338 1563 finem
351 1493 657 1577 statuitcupedinis
677 1507 771 1581 atque
790 1495 937 1570 'timoris3

180 1602 425 1686 Exposuitque,
448 1601 567 1662 bonum
585 1621 755 1673 summum,
780 1621 845 1682 quo
866 1597 1022 1660 tendimus
1046 1619 1173 1673 omnes,

183 1704 270 1785 Quid
291 1704 398 1778 foret,
423 1713 516 1786 atque
538 1701 621 1764 viam
645 1700 837 1765 monstravit
857 1699 985 1763 tramite
1008 1723 1131 1782 parvo,

183 1808 252 1887 Qua
276 1828 440 1889 possemus
462 1809 501 1866 acl
524 1805 557 1867 id
579 1817 670 1867 recto
693 1807 887 1868 contendere
911 1826 1024 1866 cursu:

183 1909 310 1990 Quidve
334 1908 407 1971 mali
429 1909 517 1972 foret
536 1909 568 1970 in
591 1911 686 1971 rebus
706 1907 890 1971 mortalibu'
913 1906 1048 1990 passim,

184 2014 282 2092 Quod
302 2013 415 2075 flueret
439 2011 592 2088 naturali,
617 2010 768 2096 varieque
788 2010 930 2085 volaret,

184 2119 247 2178 Seu
271 2136 344 2177 casu
365 2136 419 2178 seu
445 2113 493 2188 vi,
518 2117 606 2198 quod
633 2113 679 2176 sic
702 2117 826 2176 Natura
848 2125 1007 2194 parasset;

184 2221 228 2281 Et
246 2216 362 2302 quibus
385 2238 401 2278 e
423 2216 528 2298 portis
553 2214 683 2280 occurri
703 2215 846 2301 quoique
869 2219 1015 2278 deceret:

184 2323 228 2384 Et
253 2341 352 2404 genus
373 2320 542 2381 humanum
564 2319 685 2381 frustra
707 2319 894 2403 plerumque
915 2317 1072 2399 probavit

184 2423 333 2487 Volvere
354 2444 503 2484 curarum
519 2421 640 2484 tristcis
662 2421 695 2483 in
716 2434 849 2502 pectore
872 2422 1001 2484 fluetus.

139 2572 141 2579 .
185 2528 286 2602 Nam,
310 2524 411 2587 veluti
433 2523 544 2606 puerei
566 2523 727 2606 trepidant
747 2536 840 2608 atque
864 2524 970 2588 omnia
992 2523 1096 2588 caecis
1266 2529 1305 2590 35

184 2629 224 2691 In
245 2626 385 2691 tenebris
404 2639 561 2703 metuunt,
585 2626 631 2689 sic
656 2649 715 2690 nos
736 2626 769 2689 iu
791 2628 861 2690 luce
884 2626 1029 2690 timemus

239 2772 280 2820 11.
300 2773 372 2818 cordi
391 2774 611 2817 Codd.Edd.vett.
626 2771 693 2828 ut5,
711 2771 787 2819 1390.
808 2799 840 2806 —
859 2773 936 2817 eordu
952 2774 1043 2820 Anat.
1088 2774 1207 2820 150116.
1228 2777 1307 2820 Locus

183 2845 255 2890 etiam
272 2858 334 2888 nuuc
348 2837 488 2906 ὕπουλος.
520 2844 554 2886 lta
572 2845 616 2886 Ar.
631 2845 660 2891 Ρ.
674 2845 702 2888 Α.
721 2845 776 2898 (nisi
793 2845 855 2900 quod
868 2845 975 2896 servire)
991 2846 1033 2889 W.
1062 2847 1108 2889 Sed
1126 2846 1203 2889 Codd.
1216 2847 1306 2901 (un.)

181 2916 243 2962 Edd.
262 2920 320 2959 vett.
347 2913 432 2958 Pensa
448 2919 519 2971 utque
537 2909 641 2970 infestis
663 2919 735 2972 coget
756 2915 836 2971 (brix.
855 2916 924 2972 cogit
936 2916 994 2959 Ver.
1007 2916 1082 2969 Veii.)
1098 2917 1196 2960 saevire
1217 2917 1306 2973 (Codd.

181 2981 250 3033 llrix.
269 2985 365 3029 seruire
381 2985 440 3027 Ver.
456 2981 587 3040 venna.)
606 2985 725 3041 querelis.
755 2985 945 3038 „Scelestissimi
970 2991 1096 3029 curatores
1121 2987 1230 3031 hodierni
1253 3001 1308 3030 rar·

181 3056 272 3098 minum
289 3055 490 3097 Lucretianorum
510 3053 549 3106 (L.
570 3050 614 3109 ll.)
634 3054 665 3096 ita
684 3067 712 3098 ex
731 3055 832 3098 arbitrio
852 3068 895 3098 suo
914 3060 1073 3100 recoxerunt:
1099 3055 1177 3115 Atque
1196 3057 1308 3100 ortianum

180 3121 283 3181 infestis
304 3124 363 3183 cogi
381 3123 476 3166 seruire
496 3123 633 3180 querelis.”
653 3125 695 3168 W.
736 3123 777 3168 17,
797 3123 927 3183 Intellegit
942 3124 1017 3169 Codd.
1030 3127 1087 3182 aliq.
1102 3127 1174 3170 Walt.
1187 3127 1309 3170 norb.-

179 3193 311 3237 Intellexit
326 3194 355 3241 C.
368 3193 396 3236 E.
409 3193 452 3235 Αν.
466 3194 538 3249 Seqq.
550 3198 602 3236 ante
616 3195 657 3236 W.
680 3195 757 3250 Qnunr
773 3195 876 3237 dubitari
893 3199 1008 3250 nequeat,
1030 3197 1085 3253 quin
1102 3197 1219 3240 Salustius
1229 3197 1308 3240 ferma

137 3268 140 3272 '
180 3264 294 3321 intellegi
315 3277 371 3306 usus
388 3263 419 3306 sit
438 3264 493 3316 (cfr.
508 3263 573 3306 Edit.
597 3277 675 3307 meant
693 3264 861 3308 scholasticam
877 3263 956 3308 Oratt.
972 3270 994 3309 et
1008 3265 1069 3320 Epp.
1083 3279 1106 3320 p.
1120 3263 1188 3321 38.)‚
1209 3268 1309 3310 eandem

179 3334 293 3377 Lucretio
310 3333 381 3375 tribui
403 3346 445 3386 par
465 3338 509 3376 est.
568 3330 608 3376 19.
631 3334 666 3375 lta
683 3333 759 3376 Codd.
776 3334 838 3377 Edd.
855 3339 930 3390 vett.;
957 3337 1019 3391 quod
1038 3350 1109 3392 quum
1128 3336 1248 3391 probabili
1268 3349 1308 3380 ex-

179 3403 308 3456 plicatione
328 3402 420 3446 defendi
440 3403 517 3456 possit
538 3402 727 3459 (‚,qnaeennque
745 3405 855 3446 venirent
872 3403 933 3446 toris
952 3406 1059 3447 cellata¹¹
1079 3429 1111 3438 -
1131 3420 1177 3462 quo
1196 3407 1219 3449 in
1238 3419 1308 3448 voea-

179 3473 236 3516 bulo
261 3473 338 3527 ipsius
364 3473 472 3515 utilitatis
492 3473 559 3515 notio
580 3473 643 3516 inest
662 3496 694 3505 —
720 3478 810 3529 „atque
830 3472 901 3516 etiam
920 3474 1082 3530 commoda”)
1100 3477 1203 3520 Bentleii
1224 3475 1308 3518 tmesin

179 3557 226 3587 con
243 3544 310 3586 lueto
327 3543 437 3596 recipere
464 3556 536 3585 ansus
556 3557 603 3585 non
623 3557 677 3586 suin
696 3557 750 3585 cunt
769 3544 811 3586 W.
831 3543 925 3586 Eiclist.
945 3558 1044 3602 canique
1063 3547 1189 3603 gemellam
1208 3557 1309 3600 prorsus
1384 3565 1389 3577 ·

179 3613 257 3656 iudico
276 3614 312 3657 illi
331 3612 502 3656 Lainbinianae
516 3627 529 3655 a
543 3613 617 3656 Walt.
639 3613 729 3655 merito
749 3615 861 3667 explosae
883 3610 911 3667 6,
928 3611 986 3661 396.
1006 3615 1046 3659 An
1064 3628 1110 3659 con
1128 3612 1234 3659 brechio
1252 3627 1308 3658 ene·

171 3679 287 3740 faciunt.
309 3707 340 3718 -
358 3683 499 3745 P1·aeirerat
514 3683 623 3725 Bentlcio
636 3681 716 3725 Faber
733 3685 796 3726 coni.
814 3696 859 3726 con
879 3689 964 3741 gratu.
1021 3680 1063 3731 25.
1084 3685 1215 3742 cupedinia
1233 3687 1309 3728 denuo

178 3754 327 3797 restituimus
344 3766 373 3796 ex
393 3751 470 3796 Codd.
489 3750 530 3808 (G.
544 3751 588 3805 E.)
603 3751 666 3798 Edd,
689 3758 746 3796 vett.
765 3755 792 3796 Α.
805 3753 834 3796 L.
850 3753 879 3796 ll.
895 3754 968 3798 Wak.
991 3776 1020 3787 -
1040 3754 1181 3811 torpedinis
1198 3756 1310 3810 deprom-

179 3827 245 3876 ptum
262 3828 299 3866 est
322 3829 372 3867 tum
393 3836 422 3866 ex
440 3823 501 3865 Cocl.
523 3823 559 3866 M.
584 3827 608 3864 et
632 3823 677 3865 Ed.
701 3821 794 3866 lentina
819 3823 978 3869 habentibus:
1009 3823 1150 3881 torpedinis
1165 3825 1233 3884 (Atd.
1251 3839 1309 3869 vero

178 3891 324 3948 cupedinia)
345 3898 395 3936 tuin
421 3905 449 3936 ex
471 3892 597 3936 Lactantio
613 3889 642 3945 7,
663 3889 707 3936 27.
728 3892 767 3936 ubi
787 3893 882 3947 plurimi
906 3894 982 3938 Codd.
999 3893 1153 3952 torpedinis,
1177 3909 1237 3939 unus
1255 3901 1308 3939 tnr-

173 3960 292 4018 pidinis,
322 3976 381 4006 unus
410 3964 467 4006 item
491 3961 640 4020 cuppedinis
667 3964 706 4017 (v.
725 3963 758 4006 Le
776 3965 850 4006 Brun.
868 3976 891 4017 p.
910 3960 982 4020 590.)
1005 3965 1073 4022 idque
1095 3967 1153 4009 satis
1173 3966 1308 4009 defenditur

179 4031 276 4076 Lucret.
293 4028 321 4086 1,
339 4029 413 4077 1081.
434 4029 464 4086 l,
480 4030 555 4077 1086.
577 4029 607 4086 5,
624 4029 667 4076 tl.
709 4030 751 4077 27.
768 4046 851 4088 prono
866 4032 895 4080 L.
911 4033 941 4077 H.
964 4056 993 4066 -
1014 4035 1183 4092 limitepervo
1197 4037 1229 4082 at.
1240 4049 1308 4094 puro

178 4101 245 4149 Lact.
260 4103 276 4146 l.
292 4102 308 4145 l.
330 4101 442 4146 Nostram
461 4106 515 4147 tect.
532 4101 612 4147 firmat
628 4103 658 4146 E.
705 4101 746 4146 28.
770 4098 840 4146 reettl
856 4104 916 4151 Cod.
929 4105 965 4148 M.
1011 4102 1052 4149 30.
1073 4105 1138 4164 qttod
1151 4106 1245 4168 flueret
1263 4119 1308 4149 nu·

177 4171 256 4216 tnrnli
272 4172 310 4225 ,.i.
329 4186 351 4216 e.
366 4170 446 4232 fluxu
461 4174 498 4217 vel
512 4173 612 4235 fluore,
639 4175 751 4227 nornine,
780 4179 804 4216 ut
822 4172 848 4215 fit
865 4174 1023 4230 saepissime,
1044 4176 1106 4220 intra
1125 4177 1224 4220 verbum
1243 4190 1308 4220 eoin·

179 4241 325 4297 prehenso.”
343 4241 386 4287 W.
418 4242 485 4287 Adeo
505 4258 533 4287 no
554 4245 594 4287 ille
615 4245 712 4300 quidem
731 4242 894 4303 intelligebat,
914 4245 1044 4300 naturali,
1065 4247 1085 4289 si
1098 4248 1170 4291 lectio
1184 4261 1241 4290 sana
1255 4251 1306 4300 est,

181 4313 324 4372 iungendum
343 4324 396 4359 esse
416 4327 470 4358 cum
487 4327 558 4359 caan.
591 4313 641 4358 Hoc
661 4328 720 4360 rere
737 4315 853 4371 praebent
867 4315 1087 4362 occalluerat.
1111 4317 1157 4362 nisi
1172 4317 1234 4375 qued
1247 4316 1306 4360 hae:
