2782 4762
1194 177 1279 243 aaa

138 339 240 415 Tela3
263 359 322 402 nec
342 339 427 402 hunc
448 325 602 421 lapidem,
626 337 735 422 quales
757 347 789 402 et
811 339 948 403 Turnus
963 335 1126 415 ct'Aiax,
1149 370 1152 387 ε
1214 335 1256 399 65

135 440 202 508 v'u
224 464 289 527 quo
313 442 453 522 Tydides
472 440 632 524 percussit
654 444 798 523 pondere
819 460 933 504 coxam
956 465 976 489 ν

137 548 285 621 Aeneae3
310 548 367 607 sed
390 566 482 630 quem
505 544 631 607 valeant
653 544 796 607 emittere
818 545 952 606 dextrae
1033 559 1036 565 '

137 649 208 714 Illis
232 647 397 710 dissimiles
419 659 450 710 et
472 658 586 710 nostro
608 657 753 728 ternpore
776 657 887 720 natae3

138 753 221 815 Nam
245 771 346 834 genus
368 751 431 812 boc
453 748 529 813 vivo
552 749 613 812 iarn
636 749 840 812 decrescebat
863 750 1023 812 Homero.

139 856 244 917 'serra
267 853 367 915 malos
390 850 534 914 homines
555 872 639 914 nunc
661 853 775 915 educat
796 861 891 935 atque
912 849 1066 932 pusidos:
1091 846 1096 895 ἶ

138 953 232 1041 Ergo
254 956 343 1019 Deus
365 954 546 1040 quicunque
569 953 732 1037 adspexit,
757 952 839 1016 ridet
861 965 892 1015 et
914 952 996 1016 odit.

180 1062 213 1123 A
236 1056 432 1121 deverticulo
455 1069 620 1138 repetatur
642 1056 769 1121 sabula.¹
802 1057 1000 1139 Postquam,
1024 1086 1031 1097 ι

139 1160 293 1226 Subsidiis
316 1159 418 1236 aucti,
442 1181 517 1242 pars
541 1160 639 1222 altera
661 1179 811 1240 promere
832 1156 954 1219 ierrtun

137 1265 248 1328 Audet
270 1274 302 1325 et
323 1261 447 1326 infestis
469 1282 610 1345 pugnam
633 1260 812 1324 instaurare
834 1258 979 1342 sagittis:
1007 1256 1009 1263 ’

139 1368 250 1451 Terga
270 1366 348 1450 iuga
372 1363 469 1429 celeri
490 1363 726 1447 praestantibus
749 1361 917 1436 omnibus,
942 1360 1079 1438 instant,

139 1468 204 1549 Qui
226 1469 329 1532 vicina
354 1469 465 1533 colunt
487 1468 657 1530 umbrosae
680 1468 825 1543 Tentyra
847 1464 983 1546 patinae.

137 1570 277 1633 Labitur
298 1572 351 1633 bie
373 1569 519 1653 quidam,
544 1567 637 1630 nimia
658 1566 828 1630 formidine
851 1587 979 1630 cursum
1007 1592 1012 1606 ³

137 1673 360 1755 Praecipitans
382 1671 572 1755 capiturque
584 1692 597 1745 3⁴
614 1679 662 1732 ast
683 1668 770 1731 illum
793 1669 825 1731 in
846 1668 982 1750 plurima
1004 1680 1124 1733 sectum

137 1776 255 1838 Frusta
277 1786 309 1838 et
330 1773 524 1856 particulas,
548 1783 582 1834 ut
604 1769 709 1832 multis
732 1781 875 1834 meruius
895 1783 985 1834 unus
1010 1785 1013 1801 ⁵

138 1876 324 1950 Sufficeret,
350 1886 453 1939 totum
476 1873 618 1939 corrosis
641 1873 767 1937 ossibus
790 1871 854 1936 edit

135 1977 266 2041 Victrix
289 1979 381 2040 turba
403 1997 463 2040 nec
484 1975 610 2051 ardenti
631 1975 761 2039 decoxit
783 1977 865 2038 adno
895 2013 898 2017 .

135 2082 206 2145 Aut
228 2083 385 2144 verubus:
403 2075 541 2163 'longum
564 2099 664 2162 usque
687 2080 767 2142 adeo
790 2079 980 2161 tardumque
1002 2077 1127 2161 putavit

136 2184 337 2264 Exspectare
358 2180 474 2256 focos,
498 2191 647 2245 contenta
668 2181 823 2243 cadavere
845 2183 960 2246 crudo.

135 2286 201 2349 Hic
224 2284 363 2368 gaudere
385 2282 481 2358 libet,
507 2285 596 2364 quod
617 2302 682 2347 non
705 2281 879 2347 violaverit
897 2279 1024 2367 ignem,
1056 2296 1061 2307 '

137 2387 240 2466 Quem
263 2407 384 2449 summa
406 2386 489 2451 caeli
510 2395 638 2467 raptum
661 2387 699 2448 de
720 2397 811 2468 parte
833 2387 1049 2450 Prometheus
1074 2394 1088 2425 ⁸

134 2487 280 2554 Donavit
300 2488 409 2552 terris.
451 2488 623 2553 Elemento
645 2487 921 2571 gratulor,·'et.te

135 2593 309 2655 Exsultare
331 2610 422 2654 reor.
466 2593 530 2655 Sed
551 2589 607 2674 qui
629 2594 778 2656 mordere
800 2594 938 2654 cadaver

136 2692 308 2771 Sustinuit,
333 2692 412 2756 nihil
433 2713 571 2778 unquam
586 2694 770 2757 ‚baccarne
783 2691 1037 2779 *libentius'edit
1067 2708 1077 2751 -.’

135 2877 229 2921 sionem
246 2887 270 2922 v.
291 2871 331 2922 72.
351 2870 436 2933 Quid?
464 2876 527 2932 quod
545 2875 637 2920 maiore
655 2875 798 2932 propriore
817 2877 1010 2933 ardetuquearte
1022 2878 1147 2924 eliminare
1159 2892 1255 2934 pessum

135 2945 336 3007 exclamationem
351 2944 503 3003 frigidiorem
527 2945 599 2989 etiam
623 2956 646 2989 r.
660 2943 716 2991 286.
736 2947 768 2989 ita
787 2945 857 2989 scih:
884 2944 996 2993 Donavit
1011 2947 1098 2992 terrie.
1147 2948 1197 2993 sod
1213 2950 1256 3008 qui

133 3011 250 3057 inardere
273 3010 381 3056 raderer
408 3019 455 3059 cet.
501 3013 606 3058 Omnino
625 3014 689 3058 enirn
706 3015 730 3059 iu
750 3013 927 3069 posterioribus
944 3016 1026 3061 satiris
1044 3016 1105 3061 band
1124 3031 1198 3072 parea
1217 3033 1256 3063 ra·

133 3081 274 3138 perimitur,
294 3095 353 3139 quae
372 3096 419 3126 non
437 3082 495 3126 sctis
514 3088 569 3126 sunt
586 3079 706 3129 absotuta'.
755 3082 901 3128 Nominatim
919 3085 944 3129 in
962 3084 1023 3140 bae,
1043 3087 1111 3131 cuius
1129 3100 1256 3146 argumen-

132 3156 184 3195 tum
212 3151 334 3208 egregium
352 3155 403 3206 est,
426 3151 499 3208 *quod
519 3152 658 3196 addicendi
676 3163 751 3212 genus
771 3153 874 3207 pertinet
892 3154 965 3198 muita
984 3155 1127 3210 reprehendi
1147 3162 1256 3210 possunt.

134 3216 210 3277 [Hace
229 3221 374 3274 scripseram
392 3219 415 3264 iu
434 3221 481 3264 Ed.
498 3235 536 3276 pr.
576 3213 667 3266 'Meam
691 3223 832 3266 sententiam
851 3214 926 3267 secuti
945 3228 1000 3285 suut
1018 3225 1091 3269 Web.
1111 3231 1135 3268 et
1153 3226 1256 3283 Pinzge·
1293 3283 1296 3288 ι

132 3302 191 3341 rus,
212 3290 257 3332 nisi
276 3290 339 3346 quod
358 3289 396 3334 bic
414 3294 479 3334 reete
498 3290 636 3335 observavit
653 3291 750 3334 minime
768 3293 945 3350 concedendum
964 3292 1038 3337 fuisse
1056 3295 1190 3350 Franrkio,
1217 3297 1257 3339 tu·

132 3358 240 3402 venalem
259 3358 304 3402 sub
322 3358 401 3413 specie
421 3359 520 3404 utilitiae
538 3361 672 3418 relegatum
690 3374 737 3415 uqa
757 3373 810 3424 esse
828 3361 852 3404 iu
870 3360 1026 3420 aegyptum]
1070 3359 1112 3408 46.
1132 3365 1191 3422 ripa
1209 3362 1256 3408 Cu·

132 3437 197 3484 nepo
217 3427 377 3472 ARCDEFG.
398 3428 438 3483 (ln
457 3427 487 3472 A.
507 3433 586 3472 tamen
605 3422 726 3484 superser.
746 3427 842 3484 turbo.)
878 3430 1045 3475 Mernorabitis
1064 3433 1151 3488 tectio¹
1172 3438 1210 3486 et,
1231 3437 1257 3488 nt

131 3496 241 3550 videtur,
260 3497 332 3541 etiarn
350 3496 497 3543 Sebotiastae
515 3497 604 3556 agnita.
644 3494 708 3542 Μ.
728 3502 766 3542 ert
776 3490 871 3554 seritis
890 3499 919 3543 F.
975 3496 1254 3547 tausinanum.
1295 3495 1297 3500 ¹

134 3562 176 3609 64.
201 3563 336 3625 reditione]
366 3567 384 3611 i.
413 3581 434 3612 e.
460 3567 484 3610 iu
513 3565 578 3609 cinni
597 3565 734 3620 seditione;
764 3566 837 3611 ablat.
869 3569 947 3613 absol.
975 3569 1072 3625 „'qunm
1097 3573 1183 3616 seditio
1202 3569 1256 3617 bt.'’
1279 3568 1282 3573 ’

133 3633 224 3678 Omnes
243 3637 300 3679 snei.
318 3635 379 3680 aet.
398 3635 472 3680 Web.
493 3658 527 3670 -·
545 3634 675 3680 Cramerus
695 3635 806 3690 praefert«
818 3637 924 3681 dativum
935 3637 1123 3692 nuperimunt.
1145 3638 1187 3686 75.
1205 3647 1255 3685 ter·

131 3699 250 3762 gersogo
269 3704 347 3748 celare*
360 3702 564 3760 praestantibus]
584 3703 626 3748 Sic
644 3703 740 3749 ABEG.
760 3704 820 3749 acti.
840 3706 915 3750 Web.
953 3707 979 3750 ld
998 3713 1050 3763 est,
1070 3709 1095 3753 in
1113 3712 1186 3755 ceteri
1199 3711 1256 3770 tuga

131 3770 302 3826 praebentibus
321 3777 397 3830 terga.
418 3791 452 3806 -
463 3770 550 3832 sugue
569 3773 628 3817 satis
646 3772 756 3831 ambigue
776 3773 848 3822 CDF.
868 3776 930 3830 unp.
978 3773 1020 3820 76.
1039 3778 1137 3822 moenio
1152 3781 1271 3837 palmae·

130 3840 161 3884 B.
201 3836 243 3884 77.
261 3837 303 3884 lu‘c
321 3839 432 3899 quidum]
450 3840 613 3886 arcuato.
633 3847 656 3887 et
674 3842 772 3897 Subub,
793 3845 856 3901 quod
875 3844 993 3903 praetuti3
1013 3861 1067 3890 nem
1080 3849 1100 3892 si
1119 3863 1172 3893 cutn
1190 3849 1256 3905 ltnp.

130 3907 192 3953 act.
211 3908 285 3954 was.
306 3910 372 3967 tegas
388 3907 463 3965 bine,
491 3912 520 3955 de
539 3910 664 3966 Tentyrtta
683 3912 764 3968 aliquo
782 3900 962 3971 intelligeitdnm
981 3920 1060 3971 esset,
1090 3918 1151 3977 quod
1169 3919 1256 3963 absur-

131 3979 188 4022 dmn
206 3982 252 4022 est.
300 3976 383 4035 Neque
400 3992 459 4023 iero
477 3980 690 4035 explicarilpntest
707 3978 766 4024 iiiuc
792 3987 913 4037 „propter
930 3982 1011 4041 fugam
1029 3986 1161 4033 effrunnst
1190 3984 1256 4032 'Hic

130 4052 155 4092 et
173 4043 232 4092 binc
249 4049 328 4091 autem
347 4047 697 4104 saepissimecontunduutur,
718 4050 790 4095 vetuti
803 4052 884 4095 statim
902 4065 925 4096 u.
946 4049 988 4098 84.
1009 4068 1054 4109 pro
1071 4054 1121 4100 Hie
1138 4057 1254 4117 gaudere

130 4117 194 4161 intes·
212 4129 280 4162 meos
298 4114 349 4164 ct.
368 4115 457 4160 liabent
473 4113 539 4160 Hinc
556 4116 680 4178 gaudere.
717 4114 759 4163 86.
779 4119 871 4164 Similis
889 4121 957 4165 coior
975 4127 1013 4168 est
1030 4123 1101 4170 ovid.
1120 4126 1182 4172 Met.
1203 4122 1253 4183 10,
1295 4124 1299 4136 ’

131 4182 192 4230 305.»
240 4182 363 4230 Gentibus
391 4183 512 4230 Ismariis
541 4191 565 4230 et
587 4193 674 4231 nostro
690 4188 808 4249 gratulor
825 4187 911 4245 orbe'p
931 4181 1054 4240 Gratulor
1070 4190 1130 4241 tute
1148 4201 1253 4258 terroe,
1296 4193 1301 4209 ¹

130 4252 197 4315 quod
213 4253 284 4301 abeat
299 4253 448 4317 regionibus
465 4248 520 4301 i'ttts
529 4285 538 4311 ,
557 4252 627 4319 Quae
644 4261 741 4311 tautum
757 4270 869 4319 genuere
886 4254 970 4320 neser.
