2782 4762
176 148 242 213 266

181 308 225 370 Et
247 304 402 371 antecessi
424 305 531 392 genita
552 317 629 391 post
649 305 704 371 leti
726 309 869 373 domum.

182 411 239 473 Bis
260 411 312 472 hic
334 409 457 492 septeni
479 432 602 475 mecum
625 412 746 474 natales
770 412 835 474 dies

182 510 338 574 Tenebris
360 523 526 590 tenentur,
550 512 634 579 Ditis
657 524 784 577 aeterna
808 517 925 588 domo;

181 616 298 699 Rogo,
323 626 357 677 ut
378 615 540 679 discedens
562 626 680 679 terram
704 615 778 678 mihi
800 617 884 681 dicas
908 620 1024 681 levem.
1264 618 1307 680 20

201 777 301 839 XXI.
344 774 432 852 Rufe
456 774 617 859 Verginii
638 774 876 860 Epitaphium.
909 775 1062 856 (Antliol.
1086 776 1129 839 L.
1153 776 1188 840 2.
1211 778 1285 854 55.)

181 884 245 949 Hic
267 885 345 948 situs
368 897 415 949 est
439 886 562 980 Rufus,
586 887 680 969 pulso
703 888 760 971 qni
783 887 921 950 Vindice
943 891 1102 972 quondam

242 988 414 1070 Imperium
438 989 573 1053 asseruit
593 1011 658 1057 non
680 989 758 1065 sibi,
781 992 838 1053 sed
858 989 996 1072 patriae.

256 1150 376 1213 XXII.
420 1148 526 1212 Statii
546 1147 785 1231 Epitaphium.
828 1147 981 1227 (Anthol.
1006 1149 1048 1210 L.
1073 1148 1105 1210 2.
1130 1148 1222 1227 231.)

180 1258 299 1323 Statius
322 1258 374 1322 hic
395 1258 473 1322 situs
495 1270 560 1336 est,
586 1258 734 1323 iuvenem
757 1282 850 1344 quem
874 1258 994 1341 Cypris
1017 1259 1151 1334 ademit,

242 1364 442 1427 Praeconem
464 1362 593 1425 Aeneae
614 1361 752 1425 camnine
775 1365 862 1445 quod
884 1373 1057 1446 premeret.

263 1523 401 1586 XXIII.
445 1519 593 1585 Faenius
614 1522 789 1584 Antullae.
834 1520 984 1597 (Anthol.
1008 1520 1052 1583 L.
1069 1522 1101 1583 t.
1125 1520 1218 1598 215.)

180 1634 257 1699 Hoc
278 1653 385 1695 nemus
408 1642 539 1695 aeterno
563 1633 706 1694 cinermn
730 1632 869 1695 sacravit
890 1631 1010 1695 honori

242 1734 380 1798 Faenius
403 1747 435 1798 et
457 1730 534 1797 culti
556 1732 670 1819 iugera
692 1757 793 1817 panca
817 1734 890 1798 soli.

179 1839 255 1903 Hoc
276 1836 396 1922 tegitur
418 1838 483 1901 cito
506 1848 598 1919 rapta
619 1836 684 1901 suis
708 1839 838 1900 Antulla
862 1837 1055 1919 sepulchro,

242 1942 318 2004 Hoc
340 1939 401 2003 erit
421 1939 575 2004 Antullae
597 1939 714 2002 mixtus
739 1952 873 2022 satorque
895 1961 1024 2020 parens.

180 2042 214 2107 si
235 2040 322 2124 cupit
344 2043 428 2105 hunc
450 2041 584 2125 aliquis,
608 2062 742 2118 moneo,
767 2063 806 2105 ne
829 2052 939 2123 speret
960 2041 1117 2126 agellum,
1289 2044 1308 2105 5

242 2147 408 2226 Perpetuo
430 2144 566 2209 donninis
588 2144 706 2209 serviat
728 2144 785 2207 iste
808 2143 888 2207 suis.

179 2287 314 2350 XXIV.
337 2288 385 2348 D.
408 2287 465 2348 M.
489 2283 643 2347 Petronii
664 2281 899 2368 Antigenidis.
922 2278 1072 2363 (Anthnl.
1098 2283 1140 2343 L.
1162 2285 1194 2342 l.
1214 2285 1309 2363 llll.)

223 2398 292 2472 'l'u,
317 2398 397 2477 pede
420 2394 474 2478 qni
497 2393 610 2458 stricto
633 2394 724 2457 vadis
746 2416 806 2476 per
827 2407 936 2470 senta,
963 2394 1087 2467 viator,

181 2501 287 2574 Siste,
311 2519 415 2581 rogo,
440 2496 629 2580 titulumque
653 2518 755 2559 meum
779 2518 818 2559 ne
841 2496 1026 2579 spreveris,
1052 2519 1124 2562 oro.

180 2601 237 2664 Bis
259 2600 372 2684 quinos
396 2621 497 2663 annos
519 2621 705 2683 mensesque
729 2601 829 2676 diros,
855 2602 918 2663 dito
942 2601 1026 2663 soles

179 2705 217 2764 In
240 2703 363 2785 superis
386 2703 469 2779 leci,
495 2715 603 2766 tencre
628 2701 783 2780 nutritus,
809 2714 942 2765 amatus.

179 2806 341 2889 Dogmata
363 2807 571 2889 Pythagorae
592 2804 676 2868 sensi
698 2805 899 2890 studiumque
922 2808 1098 2888 sophorum
1286 2808 1305 2868 5

180 2911 224 2972 Et
246 2909 349 2972 libros
371 2908 448 2992 legi.
493 2907 579 2992 Legi
601 2907 653 2990 pia
676 2907 815 2975 carticina
838 2907 995 2983 Homeri,

181 3010 255 3073 Sive
278 3023 357 3093 quot
380 3009 528 3073 Euclides
551 3013 653 3074 abaco
675 3010 874 3094 praescripta
896 3010 1034 3075 tulisset.
1142 3048 1144 3053 <

77 3110 83 3124 ‘
179 3111 319 3176 Delicias
342 3112 437 3174 habui
459 3111 580 3194 pariter
603 3113 754 3195 lususque
775 3134 945 3196 procaces.

181 3217 272 3278 Haec
295 3215 424 3277 Hilarus
447 3214 524 3277 mihi
545 3217 742 3292 contulerat,
766 3227 859 3298 pater
880 3215 968 3299 ipse,
992 3227 1173 3300 patronus,

181 3318 215 3380 Si
236 3339 299 3382 non
322 3316 435 3380 inlelix
458 3317 619 3381 contraria
640 3318 706 3380 fata
728 3316 920 3381 habuissem.
1265 3322 1308 3379 10

180 3423 276 3485 Nune
297 3441 379 3485 vero
401 3417 541 3483 infernas
564 3422 654 3482 sedes
677 3419 872 3484 Acherontis
894 3423 934 3482 ad
955 3423 1056 3483 landas

181 3527 346 3607 'l'etraqne
369 3522 514 3585 Tamarci
536 3521 700 3604 persidere
723 3525 820 3586 tendo
843 3522 1011 3604 prolnndi.

181 3626 292 3710 Effugi
314 3626 462 3688 tumidam
487 3624 595 3687 vitam.
640 3627 740 3708 Spes,
764 3626 869 3688 forma
892 3626 1016 3688 valete:

181 3728 235 3791 Nil
258 3727 334 3791 mihi
356 3728 522 3794 vobiscum
547 3738 607 3792 est.
651 3728 747 3790 Alios
769 3727 928 3803 deluditc,
953 3747 1086 3810 quaeso

182 3830 273 3894 Hace
287 3834 400 3896 domus
416 3843 543 3895 aeterna
566 3840 627 3894 est.
672 3829 737 3893 Hic
751 3850 819 3893 snm
836 3830 936 3903 situs;
958 3828 1010 3892 hic
1024 3850 1083 3892 cro
1099 3848 1237 3910 satrapen.
1265 3831 1307 3893 15

250 4031 347 4077 XXlll.
366 4032 451 4078 Exstat
463 4035 535 4080 etiam
547 4034 608 4088 apul
622 4032 758 4076 Martialem
774 4030 797 4076 l.
814 4028 871 4078 itt.
895 4030 918 4075 l.
938 4029 1028 4075 leonori
1042 4043 1071 4075 ex
1090 4030 1151 4074 Con.
1165 4028 1307 4080 Lablaaeus.

182 4097 275 4144 honore
294 4102 321 4145 B.
359 4101 455 4147 XMV.
475 4121 509 4138 -
524 4109 599 4161 poter
618 4107 691 4160 etque
707 4106 829 4157 patronus
847 4102 913 4146 Pith.
932 4102 1039 4156 Bur1n.;
1061 4101 1102 4143 sed
1121 4103 1177 4143 est:
1198 4106 1309 4152 „nauro-

182 4184 241 4223 nus,
269 4171 308 4227 qni
327 4176 426 4226 paterno
444 4186 582 4216 uictoresne
603 4171 825 4227 prosecutnsest.''
874 4169 915 4216 12.
930 4166 1076 4230 presidere]
1097 4168 1148 4212 teti
1168 4170 1197 4214 de
1213 4169 1309 4217 Walte-

182 4237 329 4287 field'reoni.
348 4255 445 4300 -per
463 4240 551 4288 sidero
569 4239 634 4287 nulli
651 4236 768 4286 sententia
787 4240 878 4287 Ceteri.
