2782 4762
204 173 242 235 18

203 331 333 396 Gratius
356 331 514 396 interdum
537 353 639 418 neque
663 343 774 396 natura
794 332 864 415 ipsa
885 331 1039 418 requirit:

202 435 237 498 si
259 456 324 499 non
347 456 442 498 aurea
464 446 535 498 sunt
556 433 705 498 iuvenum
728 432 896 499 simulacra
916 457 974 519 per
998 435 1120 511 aedeis,

203 539 384 620 Lampadas
406 537 561 621 igniferas
583 536 726 601 manibus
752 537 920 602 retinentia
943 538 1080 613 dextris,
1278 539 1318 601 25

203 639 339 703 Lumina
363 640 529 705 nocturnis
552 639 654 724 epulis
676 651 710 702 ut
733 641 989 724 suppeditentur;
1035 642 1037 647 ’

202 745 273 807 Nec
295 747 407 807 domus
431 754 566 829 argento
589 743 694 828 fulget
715 765 857 829 auroque
879 738 1019 818 renidet3

205 849 274 910 Nec
298 845 438 909 citharae
462 849 599 910 reboant
620 846 766 931 laqueata
787 857 958 932 aurataque
979 847 1117 928 templa:

206 951 312 1030 Quom
335 961 439 1012 tamen
460 948 544 1012 inter
568 971 615 1025 se,
638 947 814 1030 prostratei
834 949 866 1012 in
891 948 1033 1034 gramine
1056 948 1162 1022 molli,

205 1055 350 1134 Propter
373 1072 473 1137 aquae
492 1050 613 1127 rivum,
636 1053 695 1114 sub
716 1051 814 1115 ramis
836 1051 965 1116 arboris
987 1051 1086 1124 altae,
1285 1053 1323 1111 ’Ὀ

207 1157 283 1218 Non
307 1154 428 1239 magnis
450 1154 568 1236 opibus
588 1154 727 1218 iocunde
749 1176 891 1238 corpora
915 1166 1046 1217 curant:

205 1257 400 1323 Praesertim
424 1279 523 1343 quom
546 1268 716 1340 tempestas
738 1256 861 1320 arridet
883 1268 914 1320 et
934 1257 1008 1319 anui

207 1364 371 1443 Tempora
394 1371 613 1445 conspergunt
633 1358 820 1424 viridanteis
841 1359 978 1423 floribus
996 1361 1126 1422 herbas.

207 1466 278 1526 Nec
301 1462 421 1526 calidae
445 1462 538 1526 eitius
561 1465 718 1527 decedunt
742 1484 884 1545 corpore
905 1462 1029 1537 febres,

184 1566 392 1631 ¹Tentilibus
414 1565 441 1628 si
460 1565 492 1628 in
513 1565 648 1648 picturis
673 1576 827 1650 ostroque
849 1564 976 1629 rubenti

209 1669 361 1745 lactaris,
385 1691 478 1755 quam
501 1669 529 1732 si
550 1667 675 1751 plebeia
695 1667 728 1730 in
750 1679 837 1730 veste
860 1669 1079 1730 cubandumst.

210 1775 455 1855 Quapropter,
479 1770 629 1856 qnoniam
652 1770 697 1834 nil
719 1781 832 1834 nostro
856 1769 889 1833 iu
910 1790 1052 1853 corpore
1071 1791 1171 1854 gazae

137 1877 141 1884 ’
209 1874 393 1940 Proficiunt
413 1896 515 1959 neque
537 1872 690 1938 nobilitas
711 1895 771 1936 nec
796 1872 903 1957 gloria
924 1871 1035 1957 regni,

210 1980 309 2059 Quod
326 1989 470 2059 superest
491 1976 594 2040 animo
617 1998 747 2062 quoque
769 1974 814 2038 nil
835 1979 990 2058 prodesse
1012 1979 1233 2057 putandumst:

212 2081 248 2144 si
269 2102 334 2144 non
355 2081 442 2144 sorte
467 2091 536 2140 tuas
557 2078 702 2162 legiones
724 2100 783 2159 per
804 2078 877 2141 loca
905 2077 1009 2159 campi
1287 2080 1328 2140 lt)

212 2185 354 2246 Fervere
377 2204 475 2267 quom
497 2180 605 2243 videas
625 2179 702 2243 belli
722 2178 890 2256 simulacra
912 2178 1060 2254 cienteis3

213 2285 275 2349 His
296 2285 356 2348 tibi
373 2297 438 2346 tum
460 2285 557 2346 rebus
579 2281 759 2346 timefactae
784 2280 960 2365 religiones

214 2388 383 2472 Effugiant
406 2385 510 2450 animo
532 2384 667 2469 pavidae
686 2383 861 2469 mortisque
883 2383 1015 2448 timores

216 2495 298 2554 Tum
320 2512 453 2554 vacuum
471 2500 596 2571 tempus
618 2487 764 2573 linquunt
785 2509 925 2572 curaque
945 2487 1096 2552 solutum.

215 2592 357 2673 Quodsi
378 2591 514 2655 ridicula
535 2593 615 2654 haec
636 2589 836 2676 ludibriaque
860 2611 927 2652 esse
951 2589 1112 2667 videmus,
1291 2595 1330 2656 45

268 2803 311 2851 25.
332 2805 420 2859 Odyss.
442 2803 466 2848 7.
489 2801 547 2849 10⁰.
594 2801 636 2848 27.
661 2810 775 2862 ostroque
792 2803 932 2862 Preigerus.
983 2801 1025 2846 28.
1051 2800 1163 2850 citharae
1185 2817 1229 2860 pro
1252 2807 1331 2849 dativo

215 2876 308 2932 habe03
327 2875 475 2933 Forbigerns
494 2888 558 2917 nom.
573 2874 636 2928 plur.
657 2888 710 2920 esse
727 2877 803 2928 putat.
835 2874 945 2918 'l'ertiurn
959 2886 1040 2916 casum
1056 2876 1183 2919 voluerunt
1200 2875 1271 2919 etiam
1287 2876 1330 2921 nv.

216 2948 279 2991 lunt.
300 2945 330 2989 Α.
353 2967 382 2977 -
408 2942 515 2988 citharis
530 2945 636 2990 edentes.
658 2945 701 2988 lb.
722 2943 814 3000 templa
828 2945 846 2988 i.
865 2958 888 2986 e.
905 2944 1031 3000 laquearia
1044 2943 1170 2988 fornicata.
1191 2965 1219 2976 -
1247 2950 1332 2999 ,‚terta

215 3016 327 3061 lllarrob.
342 3013 371 3068 6,
386 3012 411 3058 2.
425 3014 516 3058 reete.”
529 3014 608 3058 Bentl.
644 3014 691 3058 Sed
707 3015 784 3058 altero
796 3014 850 3057 loro
866 3013 926 3056 ibid.
936 3018 1002 3058 recte
1016 3018 1053 3057 est
1064 3015 1166 3073 templa.
1204 3011 1247 3058 29.
1266 3013 1333 3076 Quin

216 3093 300 3130 tamen
320 3084 369 3129 Gis.
391 3096 420 3127 ex
434 3082 576 3136 ltlacrobio,
597 3085 683 3137 nteit,
702 3085 743 3128 sed
762 3083 824 3128 Edd.
843 3084 951 3128 laudatae
973 3083 1061 3129 hahent
1078 3079 1137 3128 Cum
1156 3089 1248 3129 tamen.
1280 3083 1330 3128 Gif.

217 3160 312 3200 secutus
331 3159 368 3197 est
386 3154 416 3198 ll.
442 3177 474 3188 -
497 3151 613 3196 Attamen
629 3153 659 3196 L.
724 3149 765 3196 34.
790 3152 842 3198 Ner
860 3152 943 3197 calido
962 3167 985 3197 r.
1006 3152 1033 3198 d.
1049 3150 1191 3212 corpores.
1212 3154 1242 3197 C.
1263 3159 1288 3198 et
1307 3157 1332 3197 in

218 3238 296 3283 marg.
314 3229 432 3281 tempore.
470 3219 512 3266 3⁶.
533 3222 619 3266 stet..
639 3221 731 3266 Eiehst.
754 3222 783 3264 F.
806 3244 835 3254 -
855 3221 962 3266 laeteris
984 3222 1014 3267 C.
1035 3223 1063 3267 E.
1084 3228 1108 3267 et
1128 3239 1140 3268 e
1159 3224 1229 3267 Gudii
1250 3224 1330 3267 collat.

218 3297 269 3350 ipse
287 3293 354 3338 Gott.
373 3293 418 3336 Ar.
431 3292 460 3335 ll.
472 3293 515 3336 W.
543 3292 658 3336 Ceterum
674 3292 803 3335 notandum
818 3291 880 3336 Edd.
893 3297 951 3336 vett.
968 3292 1054 3337 habere
1069 3291 1184 3337 Laetaris
1198 3289 1257 3347 ull,
1272 3289 1331 3338 993.

218 3369 242 3409 et
255 3361 284 3417 5,
298 3359 374 3407 1067.
388 3362 427 3405 ubi
438 3364 481 3406 cir.
491 3361 648 3416 luterpretes.
687 3358 729 3406 39.
743 3361 818 3405 SicC.
827 3361 1004 3418 -patandum
1011 3362 1064 3407 Cet.
1077 3362 1166 3407 Postu.
1176 3359 1219 3406 ll.
1231 3362 1330 3407 iuGott.

219 3433 326 3491 sequitur
342 3434 428 3476 lemma
447 3433 507 3476 hoe:
534 3430 692 3475 svuctntls
710 3430 834 3475 MAGNIS
853 3431 983 3475 EPICURl
1003 3431 1259 3476 consummas
1278 3431 1332 3476 OR-

219 3503 324 3549 NATAS
343 3501 443 3546 ARMIS
461 3501 708 3546 luaswnsuaut'r
726 3501 790 3544 ERE
809 3501 974 3546 autmarus
999 3503 1095 3558 (ornuia
1120 3502 1169 3557 sic)
1194 3506 1217 3546 et
1241 3502 1264 3545 in
1283 3502 1330 3545 E.:

219 3571 347 3618 Sabrida‘is
365 3571 467 3630 magnis
485 3570 583 3628 epicuri
599 3570 774 3615 constabilitas
797 3577 902 3616 ornatae
930 3576 939 3616 ΙΙ
965 3570 1058 3616 Amisit
1069 3575 1171 3616 astatur
1182 3572 1333 3630 sterilesque

218 3645 362 3695 animatas,
384 3645 408 3685 et
425 3642 448 3685 in
468 3641 513 3685 C.:
543 3639 671 3685 Sabrida'ia
688 3642 792 3701 magnis
809 3641 917 3702 epyrus-i
940 3639 999 3700 (sic)
1023 3640 1197 3686 constabilitae
1221 3639 1334 3685 Ornatur

219 3713 314 3757 culinis
331 3717 429 3755 statuas
453 3716 598 3769 statuasque
620 3711 747 3755 aniruataa
774 3725 802 3756 ac
829 3712 941 3757 similiter
960 3717 1080 3770 tamqnam
1103 3713 1188 3766 poetas
1205 3724 1290 3755 versus
1310 3711 1334 3755 iu

217 3782 279 3828 Eua.
301 3786 358 3827 vett.
375 3781 421 3824 Ar.
436 3794 462 3825 ae
475 3781 529 3826 Pio.
561 3781 645 3826 Deleta
665 3787 719 3826 suut
739 3782 786 3826 ista
805 3783 828 3826 in
846 3782 892 3825 Ed.
906 3782 967 3826 lunt.
983 3787 1006 3826 et
1017 3782 1072 3825 Ata.
1087 3793 1154 3838 sec.;
1174 3785 1224 3825 tum
1236 3782 1334 3825 reducta

218 3854 242 3897 in
257 3853 303 3896 Ed.
320 3852 396 3894 Basil.
414 3846 489 3895 1531.
507 3850 599 3906 Gryph.
615 3848 692 3899 1540.
708 3856 731 3897 et
744 3848 837 3909 1546.;
857 3865 941 3896 rursus
957 3853 1076 3896 iudnetaa
1092 3850 1175 3896 Lamb.
1191 3851 1263 3908 Seqq.
1284 3849 1335 3894 Nec

219 3923 274 3980 quid
299 3921 322 3964 in
341 3921 370 3964 iis
389 3922 478 3974 lateat,
507 3933 550 3975 pro
565 3926 635 3966 ‘certo
658 3921 767 3976 exputari
786 3926 878 3976 potest:
911 3936 965 3965 nam
982 3935 1036 3976 ms,
1069 3922 1108 3977 qui
1132 3921 1186 3965 inde
1207 3922 1334 3978 aliquando

219 3995 340 4038 terrram:
360 3989 488 4036 subsidiis
503 3992 606 4051 magnis
621 3987 714 4052 fulciri
732 3991 923 4045 constabilitae,
942 3989 1054 4035 Ornatas
1072 3991 1154 4035 armis
1168 3996 1266 4034 statuas
1282 3996 1335 4034 tur-

220 4062 319 4120 reisque
340 4060 467 4104 animatas
485 4061 575 4115 optimo
600 4063 651 4106 iure
676 4062 880 4118 reprehenderunt
899 4062 984 4120 Pinzg.
1004 4061 1141 4119 etForbig.
1173 4061 1252 4105 Error
1267 4073 1335 4104 meus

220 4132 274 4176 inde
291 4136 357 4175 ortus
371 4135 408 4175 est
422 4132 539 4186 maxime,
559 4133 636 4190 quod,
658 4146 729 4189 quum
741 4133 766 4176 in
777 4132 816 4175 Pii
827 4131 944 4186 editione,
964 4145 1010 4188 qua
1024 4137 1078 4175 tunc
1091 4131 1185 4186 utebar,
1199 4132 1275 4186 ipsius
1287 4131 1336 4174 Lu-

220 4203 287 4246 cretii
306 4200 386 4245 verbis
404 4206 524 4258 tamquam
541 4216 627 4246 versus
645 4202 780 4258 interpositi
800 4205 869 4255 suut,
901 4215 945 4260 ego
973 4216 1021 4246 uon
1047 4202 1105 4246 satis
1132 4201 1282 4246 attendebam
1306 4201 1336 4244 ad

220 4273 328 4325 codices,
358 4273 381 4314 in
406 4271 491 4329 quibus
517 4273 632 4317 lemmatis
657 4286 678 4319 s.
699 4272 761 4316 tituli
780 4273 858 4315 locum
877 4271 992 4319 obtinent.
1030 4273 1054 4317 Si
1074 4272 1165 4317 Graeca
1185 4285 1199 4314 a
1218 4271 1335 4327 principio

1162 4436 1172 4460 l
