2782 4762
133 325 318 393 Follicnlos
340 336 374 391 ut
394 348 478 391 nunc
495 325 625 391 tereteis
647 335 765 391 aestate
788 323 916 389 cicadae

131 428 305 516 Linquuut
324 440 440 513 sponte
460 451 515 493 sua
537 428 657 494 vietum
680 427 843 513 vitamque
864 436 1023 509 petentes.

200 535 284 596 Tum
302 531 362 595 tibi
382 544 468 596 terra
491 531 578 601 dedit
595 531 733 615 primum
757 529 906 595 mortalia
925 528 1030 593 secla:

132 633 260 698 Multus
279 633 360 698 enim
382 635 474 699 calor
496 645 593 720 atquc
610 636 728 699 humor
749 635 920 717 superabat
941 631 975 695 in
995 630 1098 698 arvis.

132 737 230 812 Hoc,
253 735 309 800 ubi
330 759 474 823 quaeque
496 735 563 802 loci
581 736 677 821 regio
700 747 886 820 opportuna
908 736 1062 808 dabatur,

133 838 334 905 Crescebant
354 838 454 903 uterei
476 851 582 905 terrae
603 839 766 903 radicibus
789 837 896 922 aptei:

134 943 228 1022 Quos
248 941 303 1004 ubi
324 953 469 1025 tempore
493 953 618 1007 maturo
638 943 834 1026 patefecerat
853 952 938 1005 aetas

132 1044 295 1108 Insantum
313 1043 441 1129 fugiens
461 1047 628 1109 humorem
650 1066 806 1131 aurasque
827 1042 1000 1127 petissens,

134 1145 364 1212 Convertebat
386 1145 433 1210 ibi
454 1149 577 1210 Natura
599 1146 758 1211 foramina
777 1160 884 1211 terrae

134 1250 178 1312 Et
197 1270 307 1312 sucum
331 1248 419 1313 venis
441 1252 581 1334 cogebat
600 1249 733 1314 sundere
755 1250 876 1333 apertis

134 1349 342 1417 Consimilem
364 1350 478 1415 lactis:
508 1351 590 1415 sieut
611 1374 694 1416 nunc
716 1351 833 1416 femina
856 1375 1019 1440 quaeque,

134 1455 243 1534 Quom
266 1454 408 1537 peperit,
433 1453 518 1518 dulci
540 1455 683 1538 repletur
701 1456 800 1531 lacte,
823 1460 911 1541 quod
933 1455 1036 1520 omnis

133 1558 277 1639 Impetus
297 1555 330 1619 in
353 1578 504 1620 mammas
524 1558 733 1622 convortitur
752 1559 807 1623 illc
829 1558 983 1622 alimenti.

135 1663 240 1723 Terra
264 1658 368 1722 eibum
392 1658 519 1743 pueris,
543 1672 662 1724 vestem
685 1684 807 1744 vapor,
831 1665 932 1725 herba
954 1655 1075 1726 cubile

134 1763 316 1826 Praebebat
338 1765 434 1828 multa
455 1777 486 1829 et
508 1764 599 1831 molli
620 1765 771 1849 lanugine
795 1768 971 1828 abundans.

198 1868 245 1930 At
265 1866 392 1931 novitas
410 1868 517 1932 mundi
535 1891 594 1932 nee
613 1867 741 1953 frigora
766 1871 844 1930 dura
862 1867 968 1931 ciebat

135 1970 207 2032 Nec
226 1967 340 2033 nimios
363 1982 467 2034 aestus
489 1993 548 2034 nec
572 1970 694 2055 magnis
718 1969 842 2033 viribus
862 1993 975 2034 auras:

136 2071 252 2136 Omnia
275 2071 356 2134 enim
378 2073 501 2155 pariter
524 2085 672 2137 crescunt
694 2085 726 2136 et
746 2076 869 2138 robora
893 2084 1032 2138 sumunt.

199 2174 307 2254 Quare
327 2174 420 2238 etiam
441 2187 535 2260 atque
559 2175 848 2240 etiammaternum
872 2199 988 2241 nomcn
1011 2180 1126 2261 adepta

136 2279 238 2339 Terra
258 2287 344 2341 tenet
363 2277 494 2355 merito,
518 2278 669 2364 quoniam
693 2301 792 2362 genus
812 2279 882 2363 ipsa
904 2280 1026 2344 creavit
1191 2281 1254 2344 820

137 2381 315 2443 Humanum
337 2391 431 2467 atque
454 2380 594 2445 animans
615 2403 721 2464 prope
743 2393 833 2447 certo
856 2394 1003 2465 tempore
1024 2383 1106 2447 fudit

136 2484 257 2557 Omne,
281 2486 369 2568 quod
389 2483 422 2545 in
450 2483 572 2569 maguis
592 2486 770 2548 baechatur
792 2484 946 2550 montibu'
968 2486 1118 2569 passim,

133 2584 315 2670 Ae'riasque
335 2585 429 2649 simul
451 2587 613 2651 volucreis
636 2587 826 2650 variantibu’
849 2587 977 2652 formis.

134 2691 196 2752 Sed
217 2688 290 2774 quia
309 2689 403 2752 finem
428 2689 564 2775 aliquam
587 2689 736 2774 pariundi
759 2694 854 2755 debet
874 2693 1012 2767 habere,

134 2887 155 2917 v.
176 2877 227 2917 tum
245 2874 339 2916 demum
358 2874 436 2918 locum
454 2874 568 2934 baberet,
588 2875 627 2918 ubi
648 2877 676 2920 de
688 2889 760 2920 sensu
773 2875 853 2932 aliquo
865 2876 968 2919 humano
981 2888 1061 2919 serino
1076 2881 1149 2920 esset.
1173 2877 1253 2921 Credo

133 2948 213 2987 ortum
231 2942 276 2986 boc
295 2956 347 2987 esse
366 2944 390 2988 in
410 2959 455 2987 uuo
475 2945 518 2988 illo
540 2946 611 2989 Walt.
632 2945 692 2988 Cod.
713 2960 725 2989 e
745 2951 873 3000 praecepto
889 2946 1049 3003 negligentius
1063 2959 1086 2989 v.
1101 2951 1187 2991 coorta
1199 2961 1255 2992 ver·-

134 3013 203 3057 sieuli
223 3025 291 3069 seq.,
312 3015 372 3058 nude
392 3015 524 3058 dormitans
543 3015 656 3058 librarius
674 3015 712 3058 bic
730 3015 839 3060 intulerit
856 3014 951 3069 corda,·
969 3016 1039 3059 secla
1057 3013 1153 3060 firmant
1171 3017 1200 3062 C.
1220 3017 1251 3061 E.

134 3081 192 3130 790.
214 3088 300 3125 creata
317 3083 378 3130 Edd.
394 3085 506 3128 aethela.
521 3085 550 3128 P.
591 3082 648 3129 7⁹8.
670 3083 755 3128 adulto
777 3085 806 3129 L.
827 3086 857 3130 H.
883 3086 956 3144 lungc
978 3086 1077 3129 maiora
1101 3086 1202 3142 adulta,
1229 3088 1253 3131 in

132 3155 300 3197 mainsaucta.
334 3153 446 3197 Ceterum
459 3155 504 3198 cfr.
518 3154 679 3209 Pomponium
692 3153 822 3209 Melaml,
840 3153 868 3210 9,
884 3151 908 3200 3.
933 3153 1009 3200 Nilus
1028 3155 1092 3200 adeo
1110 3156 1254 3219 efficacibus

133 3223 205 3282 aquis
231 3220 266 3266 ad
288 3223 460 3282 generandum
479 3223 644 3283 alendamque
664 3230 689 3268 ut
708 3250 717 3260 -
736 3251 746 3260 ·
764 3225 847 3285 glebis
867 3226 943 3269 etiam
962 3222 1081 3285 infundat
1098 3227 1200 3271 animas
1219 3240 1253 3270 ex

132 3294 237 3352 ipsaque
262 3289 336 3337 lutiae
362 3293 449 3337 uitalia
475 3293 588 3356 effingat.
624 3292 678 3338 Hoc
702 3308 730 3338 eo
748 3291 912 3353 manifestam
931 3301 985 3348 est,
1014 3294 1080 3354 quod
1098 3295 1140 3339 ubi
1157 3295 1254 3340 sedauit

132 3363 227 3408 diluvia
245 3376 276 3406 ac
288 3377 316 3407 se
334 3363 384 3406 sibi
401 3363 525 3418 reddidit,
544 3378 591 3420 per
606 3361 735 3408 bactriantes
751 3378 853 3422 campos
871 3364 993 3424 quaedam
1012 3363 1121 3409 nondum
1136 3362 1253 3424 perfecta

132 3433 270 3486 animalia,
299 3432 344 3478 sed
369 3439 419 3476 tum
434 3435 546 3490 primam
565 3435 717 3491 accipientia
735 3436 855 3492 spiritum
873 3441 897 3478 et
914 3440 1038 3491 exparte
1056 3430 1253 3492 iamsormata‚

132 3508 256 3559 exparte
275 3502 356 3546 adbuc
374 3509 458 3546 terrea
477 3505 601 3548 uisuntur.
657 3502 717 3549 805.
745 3502 790 3548 boc
809 3505 826 3549 i.
847 3519 870 3550 e.
891 3506 960 3558 ideo,
980 3510 1108 3559 propterea
1117 3517 1126 3566 3.
1144 3518 1190 3548 non
1209 3501 1254 3547 boc

132 3573 217 3626 inodo,
232 3579 257 3617 ut
269 3580 335 3617 ratus
349 3579 385 3619 est
397 3575 439 3618 W.
458 3599 491 3607 -
509 3573 567 3618 binc
583 3574 726 3619 itu-Hm.
745 3599 778 3608 —
791 3572 831 3619 bic
844 3577 896 3620 adv.
911 3576 990 3619 Bentl.
1028 3574 1065 3618 lb.
1081 3573 1254 3632 (ubiquumque

133 3645 175 3691 W.
186 3643 261 3698 coni.)
298 3641 357 3689 806.
378 3650 461 3687 terrae
480 3659 536 3688 casu
549 3647 620 3689 tentio
629 3676 635 3697 ,
649 3644 796 3700 radicibus,
811 3651 895 3702 sexto;
915 3647 948 3689 ita
967 3649 1031 3688 certe
1047 3646 1126 3687 locum
1138 3643 1256 3686 intellexit

133 3714 283 3758 Censorinus
296 3715 325 3758 C.
342 3712 366 3761 l.
384 3713 512 3772 Epicurus
534 3742 543 3751 -
562 3740 571 3750 -
591 3714 700 3759 credidit
718 3717 778 3759 limo
796 3713 919 3774 calefacto
939 3721 1023 3758 isteron
1041 3713 1126 3756 nescio
1139 3725 1200 3772 quoa
1213 3726 1255 3756 ra·

132 3783 231 3828 dicibus
256 3790 339 3828 terrae
365 3782 527 3829 cohaerentes
541 3786 654 3842 primum
674 3786 822 3830 increvisse.
851 3782 921 3829 terrei
939 3798 967 3828 ex
987 3797 1034 3827 uno
1053 3783 1135 3826 codice
1152 3780 1190 3830 Ω,
1210 3783 1253 3825 W.

131 3854 224 3898 Eicbst.
272 3852 332 3900 809.
352 3855 408 3898 ibus
427 3855 457 3899 L.
504 3853 563 3899 821.
584 3856 682 3899 animal
702 3857 793 3900 Av..ll.
844 3853 903 3899 823.
924 3853 1057 3911 aeriasque
1076 3852 1120 3896 Cel.
1138 3866 1206 3897 instas
1224 3853 1254 3896 C.

130 3925 252 3968 Ain-Hau.
279 3924 364 3968 aeriae
390 3926 480 3969 omisso
502 3939 548 3982 pue
566 3926 635 3968 Bria.
656 3928 718 3983 quod
739 3925 831 3970 erroris
851 3926 969 3983 originem
987 3923 1090 3980 detegit:
1112 3937 1166 3966 nam
1184 3937 1256 3980 quum

130 3997 207 4040 semel
226 3997 247 4039 in
267 3996 328 4038 Cod.
349 3997 430 4054 aliquo
448 3990 604 4064 ἀρχετύπῳ
625 3998 654 4038 ita
675 4002 780 4040 erratum
804 4000 883 4049 esset,
913 3993 1007 4036 librarii
1025 3997 1104 4037 metro
1123 3993 1255 4037 consulturi

130 4071 222 4110 leirene
240 4067 390 4119 scripserunt
408 4065 556 4124 aeriaeque,
583 4070 608 4109 ut
628 4066 717 4110 babent
734 4065 811 4109 Codd.
831 4078 883 4109 sex.
904 4064 986 4119 (etiam
1005 4059 1050 4122 E.)
1078 4064 1175 4107 Merum
1194 4063 1255 4107 bunc

131 4136 303 4180 soloecismum
319 4142 464 4192 receperunt
477 4137 589 4189 Alteras,
600 4137 785 4191 'professionem
803 4148 871 4179 suain
888 4135 933 4177 hoc
952 4140 1017 4179 cente
1037 4137 1090 4179 loeo
1110 4131 1254 4186 conficiens,

131 4211 156 4250 et
167 4207 240 4251 Wals.
256 4207 399 4266 elegantiam
418 4206 528 4250 lectionis
547 4207 690 4252 admiratus.
710 4207 821 4263 „P0·e·ra‚
840 4205 931 4264 inquit,
952 4206 1156 4251 constructionem
1170 4205 1255 4248 immu-

131 4280 207 4322 tatam
224 4277 315 4332 voluit,
335 4283 360 4322 ut
378 4278 434 4321 alibi
455 4276 623 4332 saepissime.'’
