2782 4762
477 349 506 412 E
529 349 563 411 X
586 346 613 412 C
637 348 667 411 U
691 349 721 412 R
744 349 766 411 S
789 349 820 412 U
842 348 864 408 S

338 467 394 526 AD
415 466 591 526 CATULLI
611 466 756 525 COMAM
775 464 1006 533 BERENICES.

173 690 273 762 Quum
294 700 415 765 praeter
436 688 614 758 Foseolum,
649 692 700 765 qui
722 699 823 745 tamen
849 699 1019 765 temporum
1048 690 1234 745 notationem

116 801 244 859 prorsus
261 783 408 859 neglexit,
430 802 518 845 nemo
539 783 636 839 adhue
657 783 855 857 pulcherrimi
871 783 957 838 istius
979 783 1121 838 carminis
1142 800 1234 857 argu-

116 887 247 933 mentum
271 895 309 932 ex
331 876 569 933 Ptolemaeorum
589 877 715 932 historia
736 878 808 932 satis
830 874 1054 943 dilucidaverit,
1082 875 1160 931 haud
1180 873 1233 930 ahs

116 987 151 1025 re
169 973 266 1025 visum
287 980 349 1036 est,
383 986 579 1044 quaecunque
602 967 640 1023 ad
668 986 734 1024 rem
760 970 888 1025 maxime
919 969 1050 1037 faciunt,
1086 967 1234 1023 hocloco

115 1080 205 1137 quam
225 1060 403 1119 brevissime
424 1073 549 1136 potero,
570 1079 734 1135 exponere.

170 1154 360 1211 Ptolemaeus
386 1156 478 1230 igitur
498 1155 591 1229 Lagi,
627 1155 690 1209 sive
717 1153 807 1210 Soter
832 1154 1020 1222 (5211-281.
1041 1173 1069 1209 a.
1092 1153 1176 1221 chr.)
1196 1172 1235 1209 ex

114 1244 261 1305 Berenice
277 1247 301 1302 I.
317 1247 464 1321 Philippi,
487 1247 616 1303 hominis
631 1246 805 1302 Macedonis
824 1248 906 1301 tenui
920 1246 987 1302 loeo
1005 1248 1065 1302 orti
1084 1246 1232 1315 (Pausan.

114 1338 208 1397 Attio.
224 1344 265 1409 7.)
285 1339 375 1395 vidud
396 1337 530 1414 suscepit
549 1341 704 1395 Arsinoen
717 1339 742 1394 I.
764 1351 793 1394 et
805 1339 1005 1395 Ptolemaeum
1018 1339 1058 1396 II.
1079 1340 1229 1408 Philadel-

114 1432 222 1506 phum,
238 1431 460 1499 euiBereniee,
483 1430 520 1488 ab
535 1450 570 1487 eo
586 1434 665 1487 inter
679 1431 765 1487 clivos
779 1432 891 1499 relata,
912 1450 1038 1508 regnum
1052 1444 1165 1507 epatre
1178 1431 1234 1488 oh·
1311 1496 1318 1505 ἱ

114 1526 214 1581 tinuit.
248 1525 278 1581 ls
298 1544 371 1581 vero
392 1543 430 1581 ex
448 1526 580 1581 Arsinoe
594 1525 633 1580 ΙΙ.
654 1524 829 1598 Lysimachi
847 1523 908 1581 filia
929 1530 1007 1594 (982)
1021 1504 1234 1600 genuitPlole-

113 1635 232 1673 meeum
247 1618 302 1674 ΠΙ.
324 1618 510 1694 Euergeten,
537 1618 767 1691 Lysimachum,
792 1629 821 1675 et
840 1617 1008 1676 Berenicen
1029 1618 1088 1686 11.‚
1110 1618 1163 1674 sed
1183 1617 1234 1674 illa

114 1709 271 1784 repudiata
285 1711 364 1785 (277)
379 1730 503 1767 uxorem
518 1712 601 1768 duxit
614 1730 752 1768 sororem
763 1713 917 1767 Arsinoen
927 1711 952 1767 I.
975 1712 1235 1785 VenerisZephy-

114 1803 213 1860 ritidis
227 1805 349 1859 nourine
364 1815 466 1878 postea
483 1805 611 1874 cultam,
634 1807 682 1861 eui
695 1815 770 1860 teste
788 1805 891 1861 Schol.
904 1802 941 1859 ad
953 1805 1108 1861 Theocrit.
1122 1811 1169 1871 17,
1184 1810 1232 1864 50.

64 1932 67 1937 »
114 1895 327 1971 εἰσεποιήσατο
346 1893 418 1961 τοὺς
437 1897 471 1954 ἐκ
484 1900 537 1973 τῆς
549 1897 866 1977 προτέρας’Λρσινὸης
879 1900 1085 1974 γεννηθέντας
1096 1895 1224 1963 παῖδας,

124 1991 144 2060 ἡ
166 1992 226 2066 γὰρ
253 1986 369 2064 ἀδελφὴ
393 1987 448 2047 καὶ
477 1989 554 2068 γυνὴ
579 1989 676 2048 αὑτοῦ
702 1987 829 2054 ἄτεκνος
850 1987 1015 2048 ἀπέθανεν.
1053 1988 1095 2045 At
1113 1988 1233 2062 Megas,

113 2080 278 2138 Berenices
291 2082 315 2138 I.
338 2093 367 2138 et
380 2082 514 2156 Philippi
533 2082 635 2138 militis
654 2083 731 2138 illius
744 2083 917 2139 Macedonis
928 2079 1024 2148 filins,
1044 2080 1234 2156 Philadelphi

114 2174 208 2230 frater
229 2177 383 2241 uterinus,
413 2176 496 2231 circa
516 2194 629 2230 annum
650 2180 723 2242 298,
756 2186 789 2232 ut
810 2194 864 2252 ego
883 2177 1010 2250 opinor,
1038 2180 1106 2243 (507
1124 2193 1236 2236 secun-

115 2267 184 2323 dum
211 2266 557 2343 champollion-Figeac
589 2269 722 2324 Annales
761 2269 813 2324 des
846 2268 974 2344 Lagides
1005 2269 1041 2324 T.
1068 2276 1095 2324 2.
1120 2287 1149 2343 p.
1172 2273 1233 2337 26.)

113 2361 218 2416 matris
251 2370 315 2415 arte
358 2371 446 2436 atque
489 2360 596 2435 opibus
629 2361 815 2434 Cyrenarum
847 2356 1068 2436 praefecturam
1098 2362 1232 2437 accepit,

115 2471 202 2527 quarn
224 2464 257 2508 ut
276 2454 448 2508 Athenaeus
471 2455 564 2509 refert
580 2459 651 2521 (12,
674 2461 718 2510 12.
739 2472 769 2527 p.
790 2459 854 2512 550.
877 2452 1063 2529 Schweigh.)
1084 2456 1233 2529 quinqua-

115 2547 196 2621 ginta
214 2563 267 2618 per
282 2536 377 2601 annos
394 2545 533 2602 obtinuit.
564 2546 593 2601 Is
611 2557 708 2601 autern
722 2566 812 2622 quum
826 2546 1053 2620 aPhiladelpho.
1063 2546 1231 2614 defecisset,

114 2655 150 2693 eo
166 2638 286 2693 tandem
306 2638 446 2694 redactus
464 2650 526 2705 est,
548 2649 580 2694 ut
594 2639 631 2695 ad
644 2637 775 2695 finienda
794 2640 966 2695 cumfratre
984 2641 1148 2695 certamina
1164 2640 1233 2695 uni-

113 2749 179 2786 cam
195 2729 286 2787 liliam
301 2730 469 2788 Berenicen
483 2732 537 2788 III.
561 2733 751 2806 Euergetas,
763 2732 926 2789 Ptolemaei
944 2731 1131 2805 Philadelphi
1149 2729 1211 2788 lilio
1222 2754 1235 2799 ,⁸

114 2814 325 2897 desponderet.
361 2824 467 2893 (Paus.
485 2825 549 2881 Att.
567 2833 593 2886 7.
615 2825 721 2881 Iustiu.
737 2829 790 2893 26,
811 2829 861 2894 5.).
890 2825 1129 2881 Mortuoautem
1144 2824 1233 2898 Maga

114 2920 201 2986 (258,
220 2927 253 2972 ut
269 2917 389 2983 volunt,
415 2917 485 2986 sed,
512 2929 545 2974 ut
560 2919 634 2973 mihi
650 2919 769 2974 videtur
784 2919 863 2987 ate.)
884 2919 947 2973 eius
968 2919 1079 2973 coniux
1098 2918 1230 2991 Apama,

112 3008 255 3065 Antiochi
268 3010 293 3065 1.
312 3009 429 3067 Soteris
446 3009 507 3067 filia
525 3014 536 3082 (
545 3012 634 3068 Paus.
649 3011 670 3067 l.
688 3011 709 3067 l.
726 3011 835 3067 Iustin.
851 3011 871 3066 l.
891 3012 911 3066 l.
932 3013 983 3087 qui
1003 3011 1126 3067 eandem
1143 3011 1232 3066 Arsi-

112 3120 190 3158 noen
213 3103 366 3177 appellat.)
387 3114 421 3159 ut
447 3106 506 3160 iam
530 3105 679 3161 Iustinum
704 3104 877 3173 audiamus,
909 3108 1080 3175 „inritase
1108 3118 1231 3163 contra-

113 3205 193 3250 ctum
228 3198 453 3253 matrimonium
487 3199 621 3256 solutura
658 3200 759 3266 misit,
795 3200 845 3273 qui
881 3198 918 3254 ad
949 3202 1071 3274 nuptias
1104 3202 1231 3276 virginis

114 3306 296 3364 regnumque
325 3289 515 3359 Cyrenarum
553 3287 739 3347 Demetrium
767 3293 893 3348 fratrem
927 3297 1009 3367 regis
1038 3296 1183 3370 Antigoni
1214 3316 1230 3351 a

112 3381 289 3437 Macedonia
309 3395 514 3450 arcesserent;
537 3384 589 3459 qui
610 3387 721 3458 etipse
741 3404 778 3439 cx
793 3385 854 3442 fitia
871 3384 1033 3442 Ptolemaei
1053 3399 1230 3461 procreatus

112 3483 186 3528 crat.
228 3473 288 3529 Sed
307 3493 363 3530 nec
385 3475 555 3531 Demetrius
577 3495 691 3532 moram
712 3478 792 3559 lecit.
832 3479 935 3555 Itaque
964 3455 1230 3556 qudm--cyre-

112 3585 168 3622 nas
188 3566 373 3633 advolasset,
395 3566 503 3624 fiducia
526 3569 776 3642 pulchritudinis,
800 3591 855 3647 qua
879 3574 968 3627 nimis
989 3573 1108 3645 placere
1128 3573 1230 3632 socrui

112 3669 269 3733 coeperat,
292 3664 392 3717 statim
411 3680 426 3715 a
444 3663 594 3735 principio
616 3661 782 3736 superbus,
805 3666 905 3738 regiae
922 3665 1051 3720 familiae
1067 3663 1230 3720 militibus·

112 3771 168 3835 que
198 3754 346 3826 impotens
377 3765 458 3820 erat;
490 3754 679 3830 studiumque
708 3755 848 3828 placendi
870 3776 886 3811 a
911 3759 1028 3830 virgine
1051 3760 1083 3813 in
1103 3769 1230 3814 matrem

112 3846 291 3901 contulerat.
332 3845 415 3917 Quae
432 3865 481 3902 res
496 3858 633 3923 suspecta
653 3850 782 3921 primum
799 3851 926 3923 virgini,
949 3851 1018 3906 dein
1031 3850 1228 3925 popularibus

108 3936 312 4013 militibusque
332 3941 430 3995 invisa
450 3940 522 3995 luit:
557 3942 657 4016 itaque
679 3943 775 3998 versis
795 3944 928 3999 omnium
946 3945 1054 3999 animis
1075 3945 1106 4000 in
1124 3945 1224 4000 Ptole-

109 4032 187 4086 maei
206 4031 415 4107 (Philadelphi)
434 4031 529 4089 filium
544 4034 753 4109 (Euergeteu),
785 4034 919 4108 insidiae¹
931 4035 1086 4092 Demetrio
1107 4056 1229 4112 compa-

110 4132 236 4191 rantur;
272 4127 319 4182 cui
344 4144 434 4201 quum
461 4126 623 4183 iniectum
647 4147 755 4202 socrus
779 4128 999 4195 concessisset,
1032 4147 1228 4204 percussores

110 4219 321 4274 immittuntur.
356 4218 423 4275 'Sed
445 4221 576 4276 Arsinoe
596 4220 738 4296 (Apama)
761 4221 861 4278 audita
880 4240 953 4278 voce
975 4219 1070 4290 filiae,
1093 4221 1130 4278 ad
1145 4224 1227 4279 fores
