2782 4762
177 179 236 249 150

237 338 374 401 laetavit
397 338 482 399 susas
506 346 536 398 et
559 346 654 416 caput
677 345 747 396 ante
772 354 889 398 cottias.

177 440 339 524 Quidquid
360 440 546 512 Arnaltlrea,
572 437 723 521 quidquid
749 435 925 517 blarpcssia
949 435 1028 496 dixit

238 543 437 624 Herophilo,
463 543 600 603 Phoebo
626 551 780 623 grataque
804 540 890 619 quod
914 538 1056 611 rnonuit,

176 645 328 728 Quasque
350 643 473 708 Aniena
495 663 601 704 sacras
625 641 744 704 Tiburs
768 661 827 722 pce
850 639 977 701 flumina
1001 649 1107 702 sortes

239 740 386 809 Portarit
409 745 494 807 sicco
517 743 748 826 pertuleritque
772 743 863 804 sinu:

175 850 260 926 (Hae
283 848 355 910 fore
379 847 528 909 dixerunt
551 844 625 906 belli
650 845 728 906 mala
751 843 840 927 sigua
864 855 1031 917 cometen,

239 951 363 1013 Multus
388 962 419 1010 ut
441 950 471 1010 in
496 961 596 1008 terras
621 948 850 1030 deplueretque
874 945 976 1026 lapis:

175 1055 288 1135 Atque
313 1055 404 1114 tubas
427 1063 521 1132 atque
545 1071 631 1111 arma
653 1050 760 1111 serunt
781 1048 981 1130 strepitantia
1008 1049 1097 1112 eaelo

220 1154 339 1216 Audita
363 1166 392 1214 et
416 1153 506 1215 lircos
529 1150 745 1233 praecinuisse
768 1152 888 1234 fugam.

174 1257 282 1338 Ipsum
307 1255 397 1317 etiam
423 1255 529 1317 Solem
554 1253 714 1315 delectum
738 1252 853 1314 lumine
874 1252 952 1315 vidit
996 1286 999 1291 ·

238 1360 374 1440 iungere
398 1358 552 1437 pallentes
576 1355 701 1417 nubilus
725 1377 821 1416 annus
846 1376 946 1438 equos

175 1462 219 1522 Et
241 1459 405 1522 simulacra
429 1461 521 1520 dedrn
547 1459 689 1520 lacrimas
713 1457 831 1519 fudisse
853 1470 994 1538 tepentes

236 1563 380 1643 Fataque
405 1561 531 1623 vocales
554 1560 790 1640 praemonuisse
813 1562 912 1622 boves
926 1566 951 1638 ι)

174 1665 264 1726 Haec
285 1664 409 1725 inerant
432 1663 529 1725 oiim:
554 1665 607 1723 sed
631 1674 664 1723 tu
688 1661 746 1722 iam
772 1662 873 1736 mitis,
898 1664 1039 1744 Apollo,

236 1764 390 1848 Prodigia
415 1764 573 1826 indomitis
597 1785 705 1846 merge
728 1766 787 1824 sub
811 1765 1025 1846 aequoribus,

173 1870 218 1930 Et
240 1888 388 1929 succensa
413 1867 511 1928 saeris
534 1866 671 1946 crepitet
694 1868 773 1928 bene
796 1865 902 1927 laurea
925 1865 1082 1942 flammis,

238 1970 352 2032 Omine
377 1992 440 2053 quo
464 1968 543 2032 felix
566 1981 597 2030 et
619 1989 711 2030 sacer
733 1988 834 2030 annus
857 1956 929 2031 erii.

174 2073 302 2134 Laurus
327 2072 378 2133 ubi
401 2075 485 2134 bona
510 2070 600 2153 signa
624 2054 726 2145 dedit,
753 2073 889 2154 gandete
912 2071 1039 2146 eoloni;

236 2174 403 2236 Distcudet
426 2172 521 2253 spicis
544 2175 660 2235 horrea
683 2173 775 2253 plena
800 2172 920 2249 Ceres,

174 2275 302 2337 Oblitus
326 2287 356 2336 et
380 2287 482 2338 musto
504 2274 598 2336 ieriet
620 2277 700 2354 pede
723 2275 859 2337 rusticus
882 2298 983 2350 uvas,

235 2376 330 2440 Delia
355 2381 426 2438 dnm
452 2376 555 2458 magni
578 2374 786 2457 deficiantque
810 2380 908 2441 lacus.

173 2479 217 2540 At
241 2481 380 2540 madidus
404 2479 532 2540 Brccbo
556 2499 612 2539 sua
634 2477 714 2539 festa
737 2479 848 2541 Palilia
872 2493 989 2560 pastor

237 2579 413 2653 Concinet;
438 2602 454 2641 a
477 2581 609 2641 stabulis
633 2589 708 2640 tune
730 2584 843 2660 procul
868 2595 953 2657 este,
978 2583 1059 2664 lupi.

174 2683 234 2745 lile
257 2682 334 2744 levis
356 2683 489 2762 stipulae
512 2682 681 2744 sollemnes
704 2695 798 2762 potus
822 2704 955 2748 acervos

236 2787 420 2858 Ascendet,
445 2785 584 2846 flammas
609 2783 823 2867 transilietque
846 2807 977 2862 sacras3

173 2890 216 2950 Et
237 2887 322 2949 letus
346 2899 486 2950 matrona
512 2887 597 2948 datm
620 2899 775 2969 natusque
797 2888 922 2968 parenti

236 2989 352 3053 Oscula
377 2988 574 3068 comprensis
596 2989 725 3051 auribus
748 2989 878 3073 eripiet,

174 3093 242 3154 Nee
265 3090 400 3151 taedebit
424 3112 515 3152 avum
539 3112 642 3170 parvo
666 3091 840 3173 advigilare
865 3095 993 3173 nepoti,

235 3192 400 3276 Balbaque
421 3215 490 3253 cmn
513 3213 617 3273 puero
642 3195 747 3254 dicere
771 3197 868 3257 verba
892 3218 1011 3261 senem.

174 3298 266 3357 Tunc
289 3305 420 3374 operata
443 3297 503 3357 deo
528 3297 627 3375 pubes
650 3295 824 3356 discumbet
848 3297 876 3356 in
901 3299 1017 3372 herba,

236 3395 375 3459 Arboris
399 3398 546 3481 antiquae
569 3419 630 3479 qna
653 3397 731 3460 levis
755 3400 865 3460 umbra
890 3400 995 3474 cadit3

224 3559 265 3605 68.
284 3567 361 3620 grate
382 3559 448 3619 quod
467 3560 597 3605 admonuit
615 3560 691 3605 Codri.
711 3563 769 3617 aliq.
789 3562 820 3605 V.
842 3562 870 3606 B.
931 3560 971 3611 st.
993 3561 1109 3623 (iriaeque
1127 3562 1226 3608 Albane
1247 3579 1289 3609 oe-

169 3644 229 3674 eree
251 3629 352 3674 Tiberis
375 3631 464 3688 scalig.
486 3631 543 3682 (nisi
565 3632 627 3686 quod
647 3644 690 3684 pro
710 3644 834 3688 prestaque,
854 3637 878 3674 nt
892 3631 1088 3686 eorumbene,
1108 3634 1190 3678 dedit:
1210 3634 1287 3693 quod-

168 3698 226 3758 que)
245 3699 306 3744 End.
333 3704 435 3744 recenti.
473 3698 585 3742 Nostram
610 3700 737 3744 lectionem
764 3699 876 3744 exhibent
902 3701 977 3756 Lipsii
1004 3703 1063 3746 Exc.
1091 3701 1191 3755 Gyrald.
1211 3705 1286 3748 Voss.

168 3770 273 3812 Huschk.
296 3769 369 3812 liaris.
417 3768 530 3812 Nostram
555 3769 610 3811 lect.
631 3769 692 3812 baud
719 3768 856 3822 improbans
877 3783 929 3812 eum
949 3770 1008 3814 Cdd.
1029 3771 1057 3814 L.
1079 3772 1158 3817 dodim
1190 3770 1289 3816 Albane

167 3852 260 3881 sacres
281 3838 392 3884 Tiberis.
431 3834 472 3881 70.
491 3836 642 3894 praetulerit
659 3839 691 3880 al.
705 3838 874 3895 perlecti-tal.
886 3841 1028 3897 preeleerit
1046 3841 1119 3884 Voss.
1171 3838 1288 3885 73.atre·

163 3906 284 3966 pitantia]
307 3922 360 3951 rum
389 3907 449 3951 cut.
481 3906 511 3950 L.
546 3925 580 3938 -
609 3908 760 3964 crepitantia
787 3908 810 3950 in
842 3922 888 3950 uno
920 3907 964 3963 (r.)
989 3913 1122 3953 correctum
1151 3914 1174 3953 et
1191 3911 1287 3969 'Vrilgo

170 3974 210 4023 75.
229 3978 326 4020 namma
344 3977 404 4020 Cod.
427 3975 450 4021 i.
471 3975 577 4031 Brouldr,
616 3973 657 4019 tt.
670 3973 789 4034 suerent]
809 3991 861 4019 curn
886 3978 946 4022 Cdd.
966 3979 1016 4022 suis
1035 3978 1064 4023 L.
1086 3979 1101 4022 i.
1123 3993 1145 4023 e.
1165 3980 1227 4032 „iarn
1246 3981 1288 4023 du·

167 4049 222 4090 (turn
237 4047 295 4090 haee
316 4046 507 4101 praeterierunt;
528 4050 550 4088 tu
572 4044 625 4098 fac,
647 4050 671 4088 nt
689 4045 778 4088 similia
797 4047 926 4104 prodigia,
956 4048 1033 4104 qualia
1053 4048 1098 4090 sub
1120 4048 1235 4092 Caesaris
1252 4049 1287 4092 in-

168 4118 266 4161 teritum
293 4116 432 4159 exstiterunt
444 4146 451 4169 ‚
479 4127 597 4172 nunquam
615 4114 740 4159 redeant.'’
760 4138 791 4148 -
804 4111 914 4171 suerunt
932 4116 992 4161 Cdd.
1013 4118 1070 4174 aliq.
1090 4118 1119 4160 B.
1140 4116 1289 4177 -suerint

167 4188 238 4244 vulgo
266 4187 293 4228 de
320 4184 426 4228 Broulda.
453 4185 516 4231 coni.
578 4180 620 4228 82.
647 4189 688 4226 eet
705 4184 778 4229 Pure.
799 4185 829 4228 V.
849 4185 878 4228 B.
934 4183 976 4230 83.
995 4184 1096 4230 Laurus
1116 4187 1152 4232 nti
1170 4213 1185 4224 -
1203 4186 1288 4231 dedit!

168 4258 199 4300 V.
220 4257 247 4301 B.
271 4253 300 4298 tu
317 4254 406 4297 laurus
425 4252 484 4297 Edd.
505 4253 626 4310 antiquae.
646 4251 761 4308 Laurus,
788 4253 853 4299 iode
874 4256 964 4299 Heinsii
984 4257 1046 4300 coni.
1068 4256 1143 4310 itera.
1182 4254 1225 4301 86.
1245 4255 1288 4301 de·
